3175 5109
1551 378 1948 443 ...30-

574 578 764 660 esset,
814 570 1096 658 Pylades
1145 570 1438 641 Orestem
1485 594 1555 641 sc
1607 591 1751 638 esse
1798 571 2062 655 diceret,
2134 577 2201 636 ut
2246 592 2360 659 pro
2408 570 2522 639 illo
2578 575 2943 640 necaretur,

575 680 838 749 Orestes
869 688 1104 765 autem,
1143 682 1234 748 ita
1261 688 1328 747 ut
1359 688 1518 768 erat,
1560 682 1853 748 Orestem
1885 700 1954 746 se
1987 700 2129 747 esse
2162 686 2627 767 perseveraret.
2674 680 2941 746 Stantes

571 790 964 873 plaudebant
1002 790 1067 855 in
1105 808 1174 855 re
1213 790 1428 855 ficta.“

787 934 871 998 Et
917 934 1118 999 verba
1163 938 1446 1018 „stantes
1494 931 1933 1017 plaudebant“
1986 932 2156 998 viros
2205 930 2429 999 doctos
2502 951 2799 1019 „prorsus
2846 931 2943 997 in-

575 1041 893 1105 solenter“
937 1040 1391 1125 interpretatos
1438 1059 1583 1107 csse
1630 1041 2119 1125 „assurgentes“
2163 1039 2552 1106 Ritschelius
2590 1040 2942 1123 contendit,

578 1166 720 1211 cum
778 1147 918 1232 ipse
964 1148 1168 1213 verba
1213 1148 1324 1213 illa
1369 1146 1462 1213 sic
1527 1148 1899 1234 explicaret,
1959 1149 2144 1229 quasi
2208 1154 2613 1234 „spectantes
2674 1146 2943 1232 plaude-

577 1256 774 1320 bant“
829 1256 1097 1343 legeret.
1154 1256 1260 1327 An
1298 1261 1486 1341 putas
1533 1255 1905 1321 Ciceronem
1957 1258 2279 1339 „stantes“
2340 1262 2471 1320 tam
2516 1254 2750 1339 insigni
2794 1254 2942 1319 loco

577 1362 1000 1447 spectantium
1064 1363 1207 1427 loco
1290 1361 1601 1427 dicturum
1664 1361 1884 1443 fuisse,
1962 1361 2021 1428 si
2080 1368 2479 1447 spectatores
2557 1382 2673 1446 per
2735 1367 2941 1427 totam

577 1470 861 1535 fabulam
905 1469 1284 1535 stetissent?
1366 1469 1653 1553 Accedit,
1700 1468 1872 1551 quod
1920 1470 2225 1535 dissimile
2275 1476 2374 1536 est
2419 1471 2557 1535 veri
2609 1469 2937 1555 „stantes“

578 1576 663 1642 ad
711 1577 1033 1661 antiquam
1081 1577 1311 1643 theatri
1359 1576 1641 1661 speciem
1684 1582 1977 1662 spectare
2026 1577 2131 1642 vel
2178 1577 2551 1643 Ciceronem
2628 1576 2939 1663 „diligen-

579 1686 822 1750 tissime
895 1694 960 1750 et
1045 1683 1128 1749 ad
1201 1704 1411 1749 rerum
1483 1685 1823 1749 veritatem
1892 1684 2590 1750 accommodatissime“
2660 1682 2935 1749 edocere

580 1791 861 1858 voluisse
927 1792 1131 1858 Laelii
1179 1799 1395 1857 aetate
1441 1796 1841 1877 spectatores
1886 1812 2013 1857 non
2058 1792 2305 1858 sedisse
2369 1793 2433 1856 in
2478 1790 2753 1873 theatro,
2818 1789 2938 1856 sed

581 1899 857 1965 stetisse.
906 1900 1105 1963 Immo
1153 1899 1489 1979 sententia,
1538 1917 1703 1980 quae
1748 1898 1852 1963 hic
1898 1898 2320 1983 desideratur,
2366 1899 2529 1965 haec
2573 1898 2727 1963 mihi
2790 1916 2936 1964 esse

577 2006 868 2071 videtur:
966 2011 1362 2092 spectatores
1421 2007 1487 2070 in
1546 2005 1873 2090 gradibu8,
1938 2008 2046 2087 qui
2092 2006 2414 2087 sederant,
2464 2007 2639 2071 velut
2692 2004 2937 2071 incitati

580 2112 985 2195 instinctique
1018 2118 1561 2179 consurrexerunt.
1606 2111 1774 2191 Quid
1811 2112 2146 2195 sequitur?
2218 2112 2481 2179 Stantes
2517 2113 2932 2199 plaudebant.

585 2219 771 2297 Quod
818 2240 1052 2286 novum
1099 2241 1225 2285 non
1271 2220 1467 2287 fuisse
1515 2229 1584 2286 ut
1630 2221 1990 2305 intellegas,
2038 2218 2329 2287 conferas
2374 2221 2569 2287 velim
2607 2221 2933 2287 Ciceronis

582 2328 768 2412 epist.
833 2326 920 2393 ad
982 2327 1174 2393 Attic.
1239 2328 1280 2393 l.
1347 2329 1437 2406 ΙΙ,
1504 2329 1606 2411 19,
1669 2330 1746 2394 3:
1827 2327 2115 2415 „Inimici
2175 2335 2357 2394 erant
2415 2328 2753 2412 equitibus,
2824 2326 2930 2412 qui

578 2433 837 2501 Curioni
892 2440 1140 2500 stantes
1197 2436 1583 2520 plauserant,
1649 2435 1865 2502 hostes
1939 2436 2289 2503 omnibus.“
2388 2436 2551 2501 Tum
2624 2434 2929 2520 respicias

585 2541 848 2607 Sueton.
920 2530 1078 2627 Aug.
1128 2542 1258 2606 56:
1353 2541 1656 2628 „Eisdem
1728 2543 2149 2628 praetextatis
2224 2543 2431 2609 adhuc
2502 2549 2929 2610 assurrectum

577 2650 661 2714 ab
736 2649 1045 2715 universis
1108 2647 1174 2714 in
1246 2649 1494 2715 theatro
1560 2659 1626 2714 et
1698 2671 1737 2715 a
1807 2650 2122 2717 stantibus
2186 2651 2474 2736 plausum
2555 2650 2928 2737 gravissime

578 2763 841 2838 questus
908 2757 1068 2823 est.“

793 2899 997 2977 Quam
1045 2900 1126 2965 ob
1174 2919 1309 2964 rem
1355 2899 1469 2982 eis,
1509 2899 1616 2983 qui
1668 2902 1992 2987 „stantes“
2042 2900 2440 2986 interpretati
2482 2906 2629 2966 sunt
2680 2920 2927 2986 „assur-

577 3008 870 3091 gentes“,
918 3007 1067 3089 quin
1117 3007 1576 3093 adstipulemur
1612 3006 1827 3074 facere
1873 3029 2000 3073 non
2035 3028 2384 3093 possumus„

794 3147 974 3227 Quae
1022 3168 1161 3215 cum
1209 3150 1302 3215 ita
1337 3148 1483 3233 sint,
1523 3171 1605 3215 ex
1645 3150 1745 3216 his
1784 3150 2111 3217 Ciceronis
2150 3150 2365 3217 verbis
2400 3150 2578 3233 nihil,
2616 3152 2681 3215 ni
2720 3150 2927 3235 fallor,

581 3262 752 3322 certe
802 3256 1136 3342 colligitur.

796 3398 929 3464 Sed
977 3418 1142 3481 quae
1189 3399 1400 3465 adhuc
1447 3399 1529 3465 de
1576 3406 2008 3486 spectatorum
2048 3399 2419 3473 condicione
2450 3399 2929 3487 disputavimuS,

583 3527 662 3573 ex
708 3513 888 3592 parte
936 3527 1063 3571 non
1108 3508 1366 3591 proprie
1412 3508 1496 3573 ad
1545 3506 1761 3573 Plauti
1804 3509 2004 3592 ipsius
2050 3513 2326 3575 aetatem
2390 3514 2683 3593 spectare
2741 3528 2929 3573 nemo

580 3620 699 3695 est,
757 3615 907 3697 quin
969 3614 1322 3699 intellegat.
1388 3614 1602 3692 Quare
1653 3635 1887 3701 operae
1950 3618 2218 3702 pretium
2277 3615 2429 3681 mihi
2490 3634 2635 3681 esse
2682 3615 2935 3681 videtur

580 3741 908 3804 quaerere,
954 3741 1104 3785 num
1153 3723 1426 3787 certiora
1471 3728 1771 3807 petantur
1820 3741 1899 3786 ex
1945 3723 2145 3807 ipsius
2190 3722 2434 3789 saeculi
2479 3720 2647 3789 sexti
2695 3720 2933 3787 littera-

579 3848 718 3894 rum
761 3828 1208 3897 monumentis,
1293 3830 1603 3895 Plautinis
1653 3833 1819 3896 enim
1866 3832 2101 3898 fabulis
2145 3832 2323 3917 ipsis,
2373 3850 2537 3915 quae
2584 3834 2932 3915 qualesque

580 3936 790 4001 adhuc
836 3943 1111 4019 exstant,
1161 3935 1314 4019 quid
1353 3937 1434 4002 de
1483 3938 1609 4003 hac
1654 3958 1724 4004 re
1772 3939 2169 4020 exhibeatur,
2230 3938 2359 4003 iam
2406 3940 2810 4024 exploremus
2871 3947 2938 4004 et

581 4062 1031 4108 examinemus.
