3175 5109
1287 434 1683 492 ..23—

313 622 772 709 quagesimum]
842 628 1134 688 octavum
1200 642 1431 687 annum
1495 623 1560 687 in
1626 621 1979 707 promiscuo
2046 628 2397 707 spectatum
2475 642 2656 706 esse,

311 731 462 815 quid
509 735 770 815 repente
817 729 1072 813 factum,
1114 750 1223 795 eur
1270 729 1610 796 immisceri
1654 728 1779 795 sibi
1804 730 1868 794 in
1906 749 2107 795 eavea
2150 736 2365 814 patres
2400 720 2657 817 plebem

307 824 622 904 nollent?
649 857 759 905 cur
805 836 986 903 dives
1031 856 1374 922 pauperem
1425 856 1863 904 consessorem
1912 837 2325 903 fastidiret?“
2498 842 2502 846 ’

519 945 765 1012 Eodem
795 944 1036 1011 Valerii
1063 944 1323 1011 Maximi
1370 944 1514 1009 libri
1547 946 1634 1027 ΙΙ,
1677 966 1816 1029 cap.
1859 946 1902 1008 4
1939 950 1979 1027 ξ
2018 946 2059 1009 3
2095 946 2300 1012 verba
2328 953 2655 1031 spectant:

310 1056 476 1139 „Per
521 1053 899 1137 quingentos
946 1058 1158 1118 autem
1205 1060 1268 1117 et
1316 1052 1775 1138 quinquaginta
1820 1058 1886 1117 et
1932 1058 2075 1118 octo
2126 1074 2329 1119 annos
2394 1061 2653 1121 senatus

303 1163 537 1248 populo
585 1161 817 1225 mixtus
865 1161 1230 1245 spectaculo
1279 1160 1566 1225 ludorum
1614 1158 1917 1226 interfuit.
2010 1160 2145 1227 Sed
2189 1160 2354 1225 hune
2414 1182 2654 1228 morem

303 1269 531 1335 Atilius
579 1268 888 1334 Serranus
953 1274 1016 1333 et
1080 1267 1154 1333 L.
1200 1267 1570 1334 Scribonius
1640 1267 1844 1352 [Libo]
1910 1266 2151 1333 aediles
2214 1268 2400 1334 ludos
2462 1269 2652 1335 Matri

305 1377 493 1442 deum
537 1376 866 1459 facienteS,
911 1375 1280 1461 posterioris
1334 1374 1619 1440 Africani
1664 1375 2047 1442 sententiam
2112 1376 2317 1451 secuti,
2359 1376 2653 1442 discretis

303 1489 564 1551 senatus
612 1489 676 1548 et
721 1484 938 1568 populi
987 1482 1143 1549 locis
1190 1481 1601 1549 solverunt.“‘

517 1593 677 1672 Hoc,
743 1590 912 1683 quod
993 1590 1222 1656 dicitur
1301 1592 1681 1675 exemplum,
1746 1591 2069 1656 Valerium
2144 1612 2180 1655 e
2245 1590 2410 1655 Livii
2472 1590 2652 1657 libris

303 1699 607 1784 petivisse
653 1698 1078 1765 Zsehechius¹
1127 1699 1258 1763 iam
1306 1698 1605 1764 ostendit.
1688 1699 1851 1766 Nam
1901 1704 1966 1763 et
2014 1697 2284 1763 eundern
2322 1718 2649 1764 numerum

303 1826 610 1872 annorum
655 1804 842 1891 (558)
880 1811 1146 1887 uterque
1195 1805 1412 1872 exibet
1451 1811 1689 1888 auctor,
1738 1825 1946 1888 neque
1995 1825 2158 1889 quae
2196 1808 2364 1891 apud
2401 1806 2650 1872 Livium

299 1914 787 1995 subsequuntur,
835 1913 1126 1979 universe
1175 1933 1315 1979 cum
1363 1913 1621 1978 Valerio
1670 1913 2055 1998 discrepant,
2096 1934 2475 1997 quamquam
2522 1915 2647 1981 sin-

297 2022 486 2107 gulae
534 2042 638 2087 res
683 2043 722 2086 a
768 2020 1028 2087 Valerio
1078 2022 1318 2087 relatae
1367 2020 1668 2089 differunt
1713 2043 1753 2087 a
1797 2021 2002 2087 Livio.

510 2129 606 2195 Ac
651 2129 916 2213 primum
955 2128 1210 2212 quidem
1248 2130 1560 2211 Valerius,
1611 2130 1781 2211 quod
1827 2128 2246 2214 posteriorem
2281 2129 2647 2197 Africanum

299 2242 746 2304 commemorat
809 2236 1193 2322 Scipionem,
1245 2242 1507 2303 errore‘2
1568 2237 1875 2322 deceptus
1922 2244 2040 2319 est,
2092 2258 2231 2313 cum
2294 2258 2479 2302 nemo
2526 2238 2646 2303 nisi

299 2345 560 2411 Publius
617 2343 946 2410 Cornelius
1011 2344 1226 2429 Scipio
1264 2344 1570 2429 superior,
1620 2345 1725 2427 qui
1776 2345 2022 2424 dicitur,
2091 2346 2175 2410 ad
2221 2364 2432 2411 rerum
2497 2367 2648 2411 con-

297 2459 537 2519 textum
577 2452 862 2535 quadret.
911 2452 1075 2516 Tum
1124 2453 1205 2517 de
1251 2451 1438 2535 ludis,
1501 2452 1727 2535 quibus
1792 2455 1939 2519 loca
1994 2454 2319 2519 senatoria
2376 2454 2645 2538 primum

291 2580 332 2625 a
391 2558 625 2644 populo
674 2565 927 2625 secreta
971 2560 1116 2641 sint,
1165 2559 1259 2625 illi
1305 2580 1432 2625 non
1480 2560 1897 2643 consentiunt,
1972 2581 2114 2626 cum
2162 2561 2333 2645 apud
2394 2560 2644 2627 Livium

296 2667 498 2751 „ludis
563 2666 929 2749 Romanis“,
997 2667 1171 2751 apud
1219 2666 1541 2732 Valerium
1614 2667 1894 2751 „aediles
1956 2667 2142 2735 ludos
2208 2668 2394 2732 Matri
2454 2668 2641 2733 deum

289 2770 636 2838 facientes“
707 2769 993 2856 legamus
1052 2771 1289 2835 verba.
1366 2770 1505 2836 Hoc
1592 2769 1870 2835 incuriae
1955 2770 2173 2836 tribuit
2254 2770 2640 2838 Zschechius

289 2876 549 2942 Valerii.
619 2876 822 2954 Quem
869 2897 1011 2941 cum
1079 2877 1248 2961 apud
1314 2878 1562 2942 Livium
1609 2877 1919 2959 XXXIV,
1966 2877 2053 2942 54
2116 2878 2386 2961 legisset
2422 2878 2639 2963 Mega-

289 2984 450 3050 lesia
513 2984 696 3049 ludos
761 2985 1113 3065 scaenicos,
1164 3003 1322 3067 quos
1385 2984 1617 3051 Atilius
1682 2985 1992 3051 Serranus
2042 2992 2104 3049 et
2152 2985 2224 3048 L.
2273 2984 2640 3051 Scribonius

287 3090 446 3157 Libo
497 3090 740 3157 aediles
788 3092 1038 3157 curules
1084 3092 1270 3175 primi
1316 3090 1643 3175 fecissent,
1682 3092 1745 3157 in
1792 3112 2071 3157 errorem
2116 3097 2367 3177 raptum
2406 3092 2637 3173 verbis,

288 3218 451 3281 quae
534 3198 881 3265 succedunt
959 3199 1221 3283 „horum
1307 3200 1607 3265 aedilium
1688 3199 1873 3266 ludos
1946 3203 2331 3285 Romanos“,
2405 3220 2637 3265 novum

287 3304 444 3370 illud
490 3305 862 3389 institutum,
911 3326 1038 3388 qua
1087 3313 1259 3373 esset
1307 3307 1592 3379 levitate.
1639 3328 1765 3373 non
1806 3305 1890 3372 ad
1927 3306 2111 3373 ludos
2148 3309 2488 3391 Romanos„
2520 3306 2637 3373 sed

287 3410 369 3476 ad
417 3412 771 3495 Megalesia
808 3412 1147 3479 rettulisse.
1198 3414 1388 3479 Certe
1435 3415 1608 3497 quod
1652 3414 2037 3479 Zsehcchius
2077 3414 2366 3496 coniecit,
2432 3415 2633 3499 primo

283 3519 508 3583 obtutu
551 3540 676 3584 non
716 3518 1020 3585 dissimile
1069 3521 1207 3585 veri
1255 3541 1396 3587 esse
1436 3521 1708 3586 videtur.
1758 3521 1890 3587 Sed
1918 3528 1987 3586 ut
2016 3523 2369 3587 accuratius
2405 3524 2634 3586 iurem

281 3625 685 3707 inquiramus,
747 3625 830 3693 ad
877 3627 1042 3691 Livii
1104 3628 1302 3694 verba
1351 3635 1618 3713 utraque
1680 3628 2038 3711 redeamus,
2104 3648 2265 3711 quae
2330 3636 2631 3711 quantum

279 3734 636 3816 praebeant
700 3733 1089 3817 offensionis,
1143 3755 1403 3819 prorsus
1467 3758 1595 3802 non
1656 3738 1837 3802 latet.
1906 3738 1999 3802 Ac
2061 3737 2329 3822 primum
2377 3736 2633 3817 quidem

279 3840 504 3904 mirum
585 3839 868 3925 profecto
937 3848 1053 3925 est,
1123 3842 1293 3926 quod
1360 3844 1529 3909 idern
1596 3846 1695 3911 bis
1769 3851 1959 3929 atque
2035 3844 2263 3910 eodem
2337 3844 2401 3909 in
2466 3845 2629 3911 libro

281 3946 628 4029 attingitur,
695 3954 760 4015 et
826 3950 891 4013 in
957 3950 1165 4035 capite
1229 3951 1317 4015 44
1375 3958 1438 4016 et
1498 3952 1605 4035 54,
1668 3973 1875 4037 neque
1943 3974 2095 4020 vero
2151 3952 2379 4018 eodem
2439 3952 2627 4019 modo

281 4048 671 4133 exprimitur,
718 4058 786 4117 ut
833 4051 1104 4119 eundem
1149 4055 1323 4137 loqui
1369 4061 1692 4123 auctorem
1738 4077 1865 4123 non
1913 4057 2226 4125 crederes.
2275 4060 2441 4127 Nam
2484 4061 2627 4125 loco

491 4346 512 4385 1
554 4342 628 4401 Cf.
675 4345 770 4401 «de
810 4346 1070 4403 Cicerone
1110 4356 1163 4403 et
1203 4348 1348 4404 Livio
1390 4348 1588 4405 Valerii
1628 4350 1840 4407 Maximi
1877 4351 2147 4407 fontibus»
2191 4354 2350 4425 1865,
2393 4372 2444 4428 p.
2470 4355 2555 4415 37.

489 4457 512 4495 2
551 4455 696 4511 Idem
737 4457 794 4511 P.
837 4457 1114 4513 Cornelius
1151 4459 1326 4532 Scipio
1366 4460 1651 4517 Africanus
1702 4463 1879 4519 minor
1914 4463 2245 4521 Aemilianus
2286 4466 2483 4522 dieitur
2521 4484 2620 4542 pro

272 4538 555 4611 superiore
593 4539 654 4609 V,
698 4543 748 4606 1,
793 4542 844 4611 7,
885 4550 939 4597 at
977 4542 1106 4615 Vlll,
1150 4543 1236 4611 15,
1282 4546 1302 4598 1
1351 4545 1599 4617 superior
1639 4563 1736 4619 pro
1776 4549 2099 4621 posteriore.
