3175 5109
991 768 1274 837 CAPUT
1322 770 1755 838 ALTERUM.

199 986 303 1052 Dc
349 985 838 1071 spectatorum
885 986 966 1053 in
1012 986 1209 1054 ludis
1246 988 1603 1056 scaenicis
1649 988 2085 1058 condicione
2123 989 2549 1057 testimonIa

1190 1149 1558 1218 PlautIna.

411 1372 498 1437 Ut
573 1370 974 1437 exordiamur
1049 1372 1130 1437 ab
1190 1370 1270 1435 iis
1326 1369 1639 1451 versibus,
1730 1389 1887 1451 quos
1950 1368 2087 1455 ipse
2162 1369 2547 1435 Ritschelius

111 1566 122 1577 ι
203 1478 431 1564 attulit,
477 1479 746 1563 primum
792 1478 1098 1563 respicias
1144 1477 1412 1542 Poenuli
1460 1476 1708 1561 prologi
1754 1497 1813 1541 v.
1867 1478 1945 1541 17
1995 1497 2126 1559 sq.:

417 1613 747 1697 „Scortum
796 1612 1114 1677 exoletum
1160 1630 1241 1675 ne
1289 1609 1459 1693 quod
1503 1611 1568 1675 in
1614 1612 1987 1695 proscaenio

411 1719 671 1801 Sederat,
717 1739 840 1784 neu
887 1719 1070 1785 lictor
1116 1720 1380 1784 verbum
1428 1724 1537 1783 aut
1575 1718 1792 1801 virgae
1839 1719 2152 1800 muttiant,

410 1826 554 1892 Neu
600 1826 986 1912 dissignator
1031 1832 1288 1911 praeter
1333 1844 1405 1891 os
1454 1826 1841 1907 obambulet,

409 1934 550 2001 Neu
597 1954 838 1999 sessum
886 1933 1098 2015 ducat,
1149 1932 1298 1997 dum
1343 1932 1565 1997 histrio
1612 1933 1679 1995 in
1726 1952 1958 1997 scaena
2004 1932 2123 2014 sitt,

409 2040 537 2103 Diu
583 2041 690 2122 qui
738 2039 910 2105 domi
958 2039 1145 2106 otiosi
1192 2039 1597 2119 dormierunt,
1647 2039 1833 2104 decet

409 2147 633 2231 Animo
681 2168 886 2231 aequo
934 2166 1098 2213 nunc
1134 2152 1323 2227 stent,
1372 2148 1479 2213 vel
1527 2146 1797 2211 dormire
1848 2152 2219 2230 temperent.

407 2254 592 2320 Servi
637 2276 718 2321 ne
766 2255 1125 2336 obsideant,
1171 2255 1392 2321 liberis
1427 2260 1506 2319 ⁴ut
1551 2255 1637 2319 sit
1679 2256 1878 2337 locuS,

410 2362 531 2427 Vel
578 2382 690 2429 aes
737 2384 851 2447 pro
901 2364 1112 2447 capite
1158 2362 1374 2426 dent.“
1402 2366 1423 2407 1

409 2500 591 2579 Quae
630 2504 828 2568 verba
873 2523 998 2569 non
1045 2502 1356 2585 quadrare
1403 2502 1523 2567 nisi
1564 2500 1648 2566 ad
1686 2507 2082 2586 spectatores
2119 2503 2183 2567 in
2223 2504 2545 2569 subselliis

195 2608 332 2673 sive
391 2609 697 2693 gradibus
756 2609 1058 2675 sedentes
1103 2609 1490 2676 Ritschelius
1534 2612 1663 2675 iam
1727 2616 1899 2673 recte
1964 2611 2281 2696 cognovit.
2377 2611 2544 2678 Nam

195 2716 296 2783 hic
342 2716 465 2783 nisi
503 2717 583 2783 de
632 2718 822 2785 certis
867 2718 1374 2803 spectaculorum
1421 2717 1726 2803 gradibus
1774 2724 2093 2803 ageretur,
2153 2717 2542 2802 dissignator

195 2843 439 2891 sessum
487 2824 724 2891 ducens
769 2846 897 2891 non
943 2824 1305 2909 fingeretur.
1356 2826 1579 2908 Neque
1621 2825 1921 2890 abhorret
1957 2827 2039 2891 ab
2077 2825 2199 2890 hac
2236 2825 2542 2911 interpre-

194 2931 454 3014 tatione,
518 2933 688 3015 quod
737 2934 844 3014 qui
891 2932 1092 2998 serius
1142 2933 1498 3017 experrecti
1545 2931 1609 2996 in
1647 2938 1931 3017 tempore
1992 2931 2056 2996 in
2104 2934 2353 2998 theatro
2416 2954 2541 2997 non

195 3039 441 3120 adsunt,
492 3040 726 3106 ultimis
771 3041 930 3106 locis
976 3045 1166 3105 stant.
1209 3040 1362 3117 Quis
1403 3040 1571 3105 enim
1618 3038 1763 3105 illos
1806 3039 2043 3105 frustra
2094 3041 2303 3107 locum
2351 3060 2539 3123 quae-

194 3152 430 3228 renteS,
495 3166 577 3213 ne
642 3148 1066 3227 considerent,
1129 3146 1485 3232 impediret,
1547 3149 1602 3212 si
1663 3147 1858 3211 sellas
1920 3166 2137 3212 secum
2196 3147 2541 3213 tulissent?

194 3254 482 3335 Accedit,
533 3254 700 3337 quod
745 3275 970 3320 servos
1013 3255 1320 3320 subsellia
1367 3274 1678 3339 occupare
1724 3254 2027 3339 prologus
2074 3276 2200 3320 non
2238 3256 2541 3341 patitur.2

407 3362 571 3427 Tum
620 3362 911 3428 conferas
959 3363 1148 3427 velim
1183 3362 1657 3447 Amphitruonis
1703 3361 1859 3446 prol.
1911 3383 1968 3427 v.
2008 3363 2093 3427 65
2140 3382 2271 3446 sq.:

311 3560 315 3563 .
415 3498 538 3579 „Ut
585 3496 1039 3579 conquisitores
1086 3496 1336 3583 singula
1379 3498 1444 3561 in
1489 3496 1796 3562 subsellia

404 3604 570 3669 Eant
616 3625 729 3688 per
776 3610 975 3669 totam
1022 3624 1284 3670 caveam
1331 3605 1819 3689 spectatoribus,

404 3710 475 3776 Si
521 3710 669 3793 quoi
713 3711 1020 3777 favitores
1067 3712 1402 3795 delegatos
1448 3710 1743 3792 viderint,

403 3818 492 3883 Ut
538 3818 591 3883 is
639 3818 702 3881 in
752 3838 953 3884 cavea
998 3817 1224 3906 pignus
1273 3819 1602 3904 capiantur
1646 3818 1901 3903 togac.“

408 3949 506 4015 Ne
571 3949 687 4017 hos
735 3951 989 4033 quidem
1035 3972 1256 4018 versus
1305 3952 1638 4037 explanari
1684 3972 1874 4036 posse
1938 3971 2123 4017 nemo
2170 3971 2296 4015 non
2340 3951 2540 4035 videt,

405 4276 425 4314 1
464 4270 573 4329 Nec
603 4281 936 4345 spectatores
968 4290 1070 4329 nec
1099 4289 1284 4329 servos
1319 4288 1560 4343 unquam
1587 4272 1786 4327 Romae
1818 4271 2100 4345 pecuniam
2129 4287 2226 4344 pro
2256 4272 2537 4344 spectandi

194 4353 272 4410 vel
311 4355 537 4413 sedendi
576 4357 731 4431 copia
779 4359 1002 4413 solvisse
1036 4357 1358 4412 Ritschelius
1398 4357 1504 4411 iam
1534 4365 1684 4413 recte
1714 4356 2119 4424 demonstravit,
2162 4354 2197 4409 l.
2236 4371 2280 4411 c.
2313 4374 2363 4429 p.
2403 4357 2532 4413 223.

403 4471 427 4509 2
465 4466 542 4523 De
578 4469 684 4524 hoc
721 4468 944 4543 prologo
985 4468 1162 4541 paullo
1204 4468 1342 4525 infra
1379 4468 1552 4523 fusius
1594 4484 1765 4541 agam.
