3175 5109
1189 394 1584 462 ...33—

220 584 588 677 doctissimi,
615 592 634 630 ¹
682 590 1051 677 plerumque
1099 592 1196 657 usi
1243 598 1408 675 sunt,
1464 597 1841 677 argumenta
1888 612 1967 658 ex
2014 584 2263 679 prolixo
2312 580 2565 657 dicendi

218 720 452 786 genere
500 700 909 783 molestisque
955 700 1294 765 verborum
1343 700 1726 784 ambagibus
1773 701 1979 786 petita
2023 699 2412 787 infregerunt
2485 720 2566 765 ex

217 814 400 892 parte
445 810 573 873 iam
612 808 1131 874 Trautweinius2
1179 815 1242 873 et
1289 807 1669 873 Frantzius3
1713 815 1904 891 atque
1952 808 2253 873 refutavit
2297 814 2567 890 utroque

221 920 286 981 et
338 916 584 1001 plenior
649 921 713 984 et
773 914 1018 982 doctior
1061 916 1266 999 Leoft
1313 916 1419 998 qui
1463 916 1758 999 plurima,
1823 917 1888 979 in
1935 916 2159 998 quibus
2223 915 2565 981 haeserunt

217 1023 335 1087 viri
417 1021 607 1105 docti,
682 1043 760 1089 ex
841 1023 997 1107 ipsis
1065 1023 1452 1089 Graecorum
1528 1023 1995 1108 exemplaribus
2060 1022 2349 1107 profecta
2423 1042 2565 1088 esse

219 1130 610 1215 gravissimis
676 1130 954 1196 ostendit
1013 1130 1424 1214 argumentis,
1490 1131 1799 1196 Probavit
1857 1131 1977 1196 hoc
2042 1149 2241 1215 nuper
2278 1150 2565 1215 papyrus

217 1238 329 1303 illa
374 1238 872 1325 ArgentinensiS‚
921 1258 1110 1321 quam
1158 1236 1492 1304 ediderunt
1529 1238 1846 1321 Georgius
1893 1237 2172 1304 Kaibel5
2239 1244 2303 1303 et
2350 1239 2567 1303 Ricar-

221 1346 336 1411 dus
383 1346 886 1427 Reitzenstein‚ss
931 1346 1024 1410 ita
1067 1351 1157 1427 ut,
1205 1345 1354 1427 quin
1397 1346 1677 1411 maxima
1714 1346 1936 1412 horum
1975 1345 2381 1432 prologorum
2418 1366 2569 1429 pars

221 1452 304 1517 ad
333 1452 556 1539 ipsum
592 1458 846 1537 poetam
891 1452 1576 1535 Sarsinatem·redeat,
1629 1453 1904 1518 dubitari
1950 1453 2077 1517 iam
2122 1458 2419 1534 nequeat,
2470 1453 2569 1517 cui

221 1561 276 1625 si
321 1580 479 1627 unus
529 1581 608 1627 ex
656 1560 854 1625 tribus
901 1559 1028 1626 illis
1074 1561 1235 1626 locis
1282 1560 1497 1643 aliquo
1545 1562 1682 1626 iure
1746 1560 2060 1642 tribuitur,
2127 1565 2273 1625 acta
2310 1566 2409 1625 est
2445 1579 2569 1624 res.

433 1666 565 1735 Sed
611 1667 923 1735 accedunt
967 1668 1100 1732 alia
1144 1668 1507 1734 testimonia
1553 1669 1757 1733 multa
1803 1687 1943 1733 cum
1991 1687 2072 1731 ex
2109 1668 2391 1753 prologis
2438 1674 2569 1731 tum

222 1795 300 1839 ex
329 1774 562 1841 fabulis
591 1775 898 1841 Plautinis
931 1775 1090 1859 ipsis
1120 1775 1339 1859 petita,
1371 1794 1533 1857 quae
1575 1776 1659 1840 ad
1688 1775 1849 1841 banc
1879 1795 2087 1840 meam
2126 1775 2565 1857 quaestionem

222 1882 536 1967 pertinere
585 1881 897 1965 videntur,
947 1901 1234 1965 quaeque
1281 1883 1648 1969 singulatim
1695 1882 2101 1957 considerata
2146 1902 2367 1968 parum
2412 1902 2588 1955 sane.

222 1991 459 2071 valere,
521 2010 645 2055 una
710 1997 774 2055 et
837 1991 1019 2057 simul
1088 2010 1231 2055 cum
1299 1991 1610 2076 versibus,
1677 2010 1837 2073 quos
1918 2010 2110 2075 supra
2174 1990 2569 2075 protulim11S‚

221 2099 534 2164 recensita
580 2097 1143 2182 argumentationis
1187 2117 1370 2163 meae
1410 2099 1536 2163 vim
1574 2105 1766 2180 atque
1826 2097 2343 2183 probabilitatem
2381 2096 2572 2161 valde

223 2226 459 2293 augere
508 2206 824 2273 exist-imo,

437 2312 713 2379 Primum
777 2313 1084 2399 respicias
1148 2312 1339 2378 velim
1388 2312 1607 2378 Militis
1656 2314 1813 2395 glor.
1878 2314 2037 2398 prol.
2105 2333 2165 2378 v,
2235 2312 2569 2394 81—83,⁷

223 2420 332 2485 ubi
370 2420 727 2487 Palaestrio
765 2440 988 2487 servus
1027 2426 1173 2505 post
1210 2404 1475 2505 primam
1523 2441 1823 2487 scaenam
1862 2419 2073 2505 prodit
2110 2420 2573 2504 spectatoribus

224 2535 660 2615 argumentum
725 2534 1125 2595 enarraturus
1189 2548 1320 2609 eos,
1387 2528 1491 2611 qui
1559 2527 1779 2594 audire
1834 2529 2073 2609 nolunt,
2138 2527 2363 2591 melius
2429 2545 2569 2591 esse

225 2655 428 2701 cavea
475 2635 787 2703 excedere
838 2636 992 2703 dicit
1027 2636 1241 2702 verbis
1278 2635 1414 2701 his:

439 2924 460 2964 ¹
501 2920 577 2978 Cf.
601 2920 661 2975 G.
685 2921 744 2975 A.
770 2922 824 2978 B.
852 2919 1014 2974 Wolff
1031 2919 1130 2974 ude
1161 2918 1401 2992 prologis
1431 2918 1722 2973 Plautinis·
1759 2933 1941 2989 progr.
1973 2915 2123 2971 schol
2177 2913 2365 2971 Guben
2400 2914 2571 2982 1812;

331 3078 366 3133 9
439 3006 626 3078 Liebig
668 3005 765 3060 ode
815 3004 1050 3077 prologis
1086 3003 1425 3059 Terentianis
1472 3014 1527 3059 et
1572 3002 1859 3060 Plautinis·
1919 3017 2098 3075 progr.
2138 2999 2307 3054 schol.
2347 2998 2576 3055 Goerlitz

439 3159 476 3214 C
515 3160 762 3216 Dzialzko
789 3160 888 3215 «de
919 3160 1265 3233 prologorum
1286 3159 1735 3215 Terentianorum
1767 3156 2203 3212 etl'lautinorum
2233 3154 2575 3227 quaestiones

226 3245 494 3302 selectae»
532 3244 682 3300 Bonn
723 3244 890 3312 18633
1314 3258 1318 3263 ’

440 3326 510 3384 id.
558 3330 732 3384 niber
815 3331 912 3385 die
984 3328 1246 3401 plautin.
1302 3328 1605 3400 Proloqen,
1683 3328 1964 3400 «Allqem.
2038 3329 2576 3395 Gese'chtspunlcten,

229 3419 466 3469 Luzern
503 3415 638 3468 1867
656 3432 670 3482 ;

441 3498 508 3553 de
556 3497 892 3555 Boltenstern
940 3497 1042 3553 «de
1102 3497 1267 3553 rebus
1314 3496 1578 3553 scaenicis
1626 3496 1878 3553 Romanis
1927 3496 2273 3570 quaestiones
2321 3495 2572 3562 selectae,

228 3583 418 3639 Strals.
459 3583 617 3639 1875.

440 3667 658 3724 Martius
703 3667 1078 3740 «quaestiones
1116 3667 1427 3723 Plautinae»
1463 3714 1474 3724 .
1509 3709 1523 3722 .
1554 3710 1567 3723 .
1609 3665 1757 3721 Halis
1794 3666 1911 3722 Sax.
1952 3666 2107 3722 1879.

438 3769 462 3806 2
498 3766 824 3836 Trautwein,
857 3766 953 3820 «de
979 3764 1326 3838 prologorum
1358 3766 1726 3821 plautinorum
1747 3765 1930 3821 indole
1961 3774 2123 3838 atque
2154 3772 2377 3819 natura·
2414 3764 2576 3822 1890.

439 3864 464 3905 ³
507 3866 585 3921 W.
624 3862 815 3919 Frantz
853 3864 954 3921 «de
995 3864 1307 3921 comoediae
1343 3864 1550 3921 Atticae
1589 3862 1887 3937 prologis-,
1928 3862 2271 3934 Argentorati
2312 3862 2468 3918 1891.

441 3963 467 4001 4
502 3960 630 4029 Leo,
679 3960 1111 4019 «Plautim'sche
1149 3966 1598 4033 Forsehunqen·
1645 3961 1804 4029 1895,
1849 3977 1900 4033 p.
1939 3959 2044 4015 170
2084 3977 2165 4032 sq.

437 4060 462 4099 5
499 4057 558 4115 ln
602 4059 1031 4117 «Nachrz‘ohten
1069 4062 1179 4117 der
1217 4061 1378 4118 Gale.
1412 4060 1717 4117 Gesellsclz.
1759 4060 1817 4117 d.
1866 4063 2047 4114 Wissn
2084 4057 2242 4125 1899,
2277 4072 2327 4129 p.
2358 4056 2461 4111 549
2492 4072 2571 4127 sq.

441 4158 466 4197 ⁶
501 4157 559 4212 ln
602 4160 888 4215 «Hermes»
924 4157 1098 4213 XXXV
1142 4162 1213 4228 (a.
1249 4157 1408 4227 1900)
1453 4174 1507 4230 p.
1552 4156 1657 4212 62⁴2
1696 4173 1776 4228 sq.
1816 4156 1968 4227 (Ans
2008 4156 2118 4211 der
2152 4152 2578 4225 Strassburqer

226 4242 886 4315 Papyrussammlunq.)

441 4342 463 4383 Ἰ
513 4341 664 4396 Hunc
727 4358 796 4397 ne
861 4341 1316 4415 scrupulosissimi
1365 4341 1580 4415 quidem
1642 4354 1899 4395 censores
1954 4336 2238 4411 prologum
2300 4336 2357 4391 in
2404 4334 2581 4406 suspi-

227 4427 457 4494 cionem,
512 4442 580 4481 ne
629 4428 698 4482 sit
751 4427 985 4501 spuriuS‚
1047 4426 1316 4483 adducere
1364 4432 1679 4498 potuerunt,
1724 4425 1922 4496 quippe
1962 4422 2055 4495 qui
2106 4421 2160 4475 in
2208 4420 2444 4487 fabulae,
2488 4421 2576 4491 qui

227 4514 442 4581 dicitur,
485 4521 686 4569 textum
725 4512 898 4585 ipsum
941 4511 1010 4566 sit
1047 4511 1299 4567 insertus

2365 4614 2399 4666 3
