3175 5109
1277 350 1673 409 *35*

522 528 636 619 „In
681 550 887 621 pauca
933 536 1184 605 confer:
1232 536 1469 618 sitiunt,
1518 536 1626 622 qui
1671 534 1956 604 sedent.“

515 644 922 728 Spectatores
957 645 1146 729 igitur
1178 644 1457 711 fabulam
1493 652 1857 731 spectantes
1888 668 2106 715 omnes
2132 656 2239 714 aut
2266 642 2401 716 fere
2432 662 2649 719 omnes

301 749 548 817 sedisse
579 759 863 837 apparet.

515 860 774 927 Minoris
834 861 1146 943 momenti,
1187 860 1312 927 duo
1376 868 1522 928 sunt
1585 864 1727 945 loci,
1791 866 1953 930 alter
2017 884 2097 930 ex
2157 864 2487 931 Aulularia
2558 866 2651 933 fa-

300 970 453 1034 bula
515 970 769 1054 petitus,
837 971 944 1036 ubi
989 971 1212 1037 Euclio
1259 990 1474 1052 senex,
1561 977 1897 1055 postquam
1978 972 2185 1037 aulam
2250 992 2403 1038 auro
2483 994 2649 1040 com-

297 1079 560 1160 pletam,
628 1097 816 1159 quam
873 1078 933 1141 in
984 1080 1127 1143 luco
1192 1077 1437 1145 Silvani
1485 1077 1931 1161 absconderat,
2005 1100 2129 1145 non
2186 1081 2441 1165 reperit,
2502 1082 2649 1146 furi-

298 1184 546 1256 bundus
592 1185 685 1249 sic
730 1182 1088 1267 adloquitur
1133 1191 1530 1269 spectatores
1577 1184 1699 1271 (vs.
1753 1187 1877 1249 717
1930 1192 2086 1270 sq.):

521 1289 730 1376 „Quid
775 1290 922 1357 est?
989 1290 1153 1368 Quid
1215 1290 1490 1357 ridetis?
1555 1291 1722 1359 Novi
1787 1312 2023 1375 omnes,
2081 1293 2214 1358 scio
2274 1294 2447 1362 fures
2507 1315 2650 1361 esse

298 1398 403 1465 hic
441 1400 819 1484 complureS,

516 1505 638 1585 Qui
683 1507 919 1573 vestitu
984 1512 1048 1571 et
1113 1512 1290 1572 creta
1354 1507 1675 1573 occultant
1740 1527 1884 1573 sese
1950 1514 2141 1591 atque
2196 1508 2423 1575 sedent
2472 1513 2650 1592 quasi

297 1614 422 1679 sint
485 1612 716 1697 frugi“,
773 1614 937 1679 alter
1012 1634 1091 1677 ex
1147 1614 1501 1680 Mercatore
1566 1600 1784 1681 fabula
1844 1616 2102 1700 petitus,
2167 1615 2275 1681 ubi
2339 1617 2647 1685 Acanthio

297 1740 520 1787 servus
567 1726 631 1786 et
679 1720 984 1787 Charinus
1042 1720 1418 1787 adulescens
1462 1722 1624 1787 haec
1654 1722 1832 1786 ⁴inter
1878 1742 1949 1787 se
1998 1722 2313 1788 disserunt
2354 1724 2473 1811 (vs.
2520 1725 2645 1790 159

298 1835 362 1893 et
422 1828 620 1916 IGO):
2175 1810 2183 1820 ’

515 1938 666 2023 „Ac.
709 1935 874 2015 Quid
920 1936 989 2002 id
1028 1942 1126 2002 est
1163 1937 1371 2021 igitur,
1422 1936 1589 2020 quod
1630 1935 1779 2002 vis‘?
1839 1936 1953 2003 Ch.
1985 1936 2234 2003 Dicam.
2285 1936 2395 2003 Ac.
2440 1938 2643 2021 Dice3

297 2043 414 2109 Ch.
462 2049 530 2108 at
576 2044 740 2109 enim
786 2043 1038 2129 placide
1087 2044 1252 2109 volo.

507 2154 618 2218 Ac.
659 2150 1048 2217 Dormientis
1093 2156 1488 2237 spectatores
1524 2152 1772 2234 metuis,
1810 2172 1891 2217 ne
1933 2174 2011 2218 ex
2042 2172 2263 2218 somno
2302 2152 2635 2219 excites?“

507 2259 732 2341 Neque
799 2256 1141 2342 quidquam
1189 2257 1360 2323 aliud
1409 2259 1624 2324 dicere
1673 2260 2045 2343 vult-poeta
2091 2260 2305 2325 verbis
2350 2260 2449 2325 his
2517 2260 2638 2325 nisi

293 2365 604 2451 quosdam
651 2366 1038 2433 dormientes
1084 2366 1248 2432 ludis
1293 2366 1672 2452 interfuisse,
1722 2372 1875 2449 e'rgo
1924 2367 2169 2433 sedisse
2218 2368 2280 2432 in
2329 2387 2546 2431 cavea.

503 2472 604 2539 Ad
660 2475 778 2539 hos
824 2473 1106 2539 nonnulli
1163 2493 1384 2540 versus
1424 2473 1733 2541 accedere
1779 2473 1930 2538 mihi
1992 2474 2286 2540 videntur
2346 2474 2633 2540 Poenuli.

289 2580 598 2647 Conferas
645 2581 810 2645 enim
859 2581 1050 2648 velim
1093 2581 1276 2647 huius
1322 2581 1578 2648 fabulae
1627 2580 1879 2666 prologi
1922 2601 1983 2646 v.
2032 2583 2075 2645 4
2120 2602 2251 2664 sq.:

508 2689 780 2773 „Audire
828 2688 1004 2753 iubet
1049 2708 1164 2754 vos
1210 2689 1553 2773 imperator
1598 2688 1911 2769 histricuS,

502 2797 806 2879 Bonoque
843 2802 912 2861 ut
951 2796 1160 2861 animo
1199 2795 1459 2861 sedeate
1496 2796 1561 2860 in
1600 2796 2001 2877 subselliis“;
2040 2795 2193 2859 item
2225 2795 2303 2860 cf.
2336 2816 2396 2859 v.
2430 2799 2469 2859 9
2499 2816 2632 2879 sq.:

506 2904 707 2988 „Nam
757 2906 856 2969 cui
901 2910 1271 2989 paratumst,
1321 2902 1490 2986 quod
1538 2901 1691 2983 edit,
1738 2907 1958 2967 nostra
1995 2907 2201 2985 gratia

496 3011 706 3078 Nimia
753 3019 849 3077 est
895 3014 1165 3077 stultitia
1211 3031 1455 3077 sessum
1500 3010 1866 3093 inpransum
1904 3008 2225 3074 incedere.

495 3120 808 3203 Exsurge,
855 3140 1110 3205 praeco,
1157 3118 1262 3184 fac
1306 3119 1542 3204 populo
1594 3115 2072 3199 audientiam“;

499 3246 556 3291 v.
590 3227 706 3291 15:
743 3227 918 3310 „Age
955 3246 1120 3290 nunc
1156 3225 1384 3307 reside,
1418 3225 1738 3308 duplicem
1766 3230 1833 3289 ut
1860 3223 2222 3290 mercedum
2252 3223 2487 3289 feraS.“
2517 3225 2539 3261 ¹

499 3334 746 3415 Itaque,
811 3340 881 3397 ut
937 3353 1073 3398 rem
1134 3332 1356 3417 paucis
1423 3332 1828 3414 complectar,
1896 3338 1961 3397 et
2025 3332 2088 3396 in
2148 3331 2429 3416 prologis
2484 3333 2629 3398 sub-

284 3442 470 3506 sellia
529 3448 1095 3507 commemorantur
1154 3424 1218 3505 et
1265 3461 1345 3505 cx
1394 3438 1628 3503 ultimis
1688 3438 2047 3504 fabularum
2108 3439 2320 3505 verbis
2380 3439 2627 3505 sedisse

281 3551 580 3635 populum
646 3555 929 3634 apparet,
997 3554 1061 3613 et
1106 3548 1170 3611 in
1216 3548 1370 3632 ipsis
1415 3546 1649 3611 fabulis
1696 3546 1760 3627 ii,
1810 3546 1915 3629 qui
1976 3551 2286 3630 spectant,
2337 3546 2628 3611 dicuntur

287 3658 434 3741 „qui
497 3656 783 3722 sedent.“
852 3655 1021 3721 Nihil
1084 3655 1150 3719 in
1216 3654 1427 3719 Plauti
1492 3652 1857 3736 comoediiS,
1942 3654 2097 3718 nihil
2176 3653 2345 3738 apud
2418 3674 2625 3718 rerum

277 3765 619 3850 scriptores
682 3764 1016 3843 invenitur,
1081 3781 1190 3827 cur
1237 3761 1300 3825 in
1364 3761 1667 3847 gradibus
1724 3761 1859 3826 sive
1924 3761 2114 3826 certis
2180 3760 2623 3825 subselliorum

277 3870 604 3935 ordinibus
651 3888 762 3934 eos
810 3868 1174 3933 consedisse
1223 3886 1438 3949 neges.
1489 3866 1660 3931 Nihil
1700 3865 1974 3948 denique
2022 3873 2143 3946 est,
2194 3886 2303 3931 cur
2356 3868 2622 3932 Romam

279 3997 421 4042 cum
485 3975 638 4060 ipsis
695 3974 1084 4040 Graecorum
1139 3972 1373 4037 fabulis
1419 3972 1652 4036 theatri
1715 3973 2032 4054 quandam
2081 3973 2357 4059 speciem
2424 3980 2621 4039 trans-

275 4086 473 4150 latam
521 4103 663 4149 esse
710 4104 832 4147 non
882 4081 1234 4147 credamus.
2047 4064 2051 4069 ’

491 4365 511 4401 1
551 4364 813 4419 Praeconi
850 4379 958 4417 non
996 4362 1051 4417 111
1089 4378 1288 4418 scaena
1324 4368 1645 4434 potestatem
1686 4361 1849 4415 fuisse
1882 4361 2123 4429 sedendi,
2168 4362 2330 4417 immo
2371 4362 2423 4415 111
2455 4378 2617 4417 cavea

274 4448 532 4505 dissimile
570 4463 679 4503 non
718 4456 798 4502 est
837 4446 970 4502 veri.
