3175 5109
1197 390 1591 453 ..45-.,

433 576 654 646 Iovem
699 576 1092 659 invocarunt,
1142 578 1336 663 venit,
1385 579 1619 647 auxilio
1668 579 1722 647 is
1770 578 1905 645 fuit.

437 687 784 753 Praeterea
829 692 1006 753 certo
1054 687 1268 771 prodit
1314 688 1378 753 in
1425 687 1793 775 tragoedia,

431 796 614 862 Hanc
657 795 958 881 fabulam,
1003 796 1281 879 inquam,
1330 795 1453 879 hic,
1502 797 1792 881 Iuppiter
1837 794 2027 862 hodie
2073 794 2213 881 ipse
2258 800 2410 878 aget

429 905 513 969 Et
561 922 680 991 ego
727 924 854 970 una
899 922 1040 969 cum
1087 903 1222 986 illo,
1270 924 1434 969 nunc
1481 904 1757 969 animum
1804 903 2188 970 advortite.“

431 1012 539 1079 Sic
577 1012 834 1079 codices
872 1030 1145 1097 versum,
1195 1010 1275 1077 de
1330 1031 1454 1094 quo
1511 1012 1741 1095 agitur,
1790 1011 2089 1077 exhibent
2126 1030 2364 1093 omnes,
2415 1030 2568 1092 quo-

213 1121 382 1185 niam
426 1119 565 1203 „in“
608 1125 756 1185 ante
798 1118 1253 1204 „proscaenio“
1294 1119 1359 1183 in
1395 1118 2079 1187 Ambrosiano-codice
2116 1118 2223 1203 (E)
2268 1117 2568 1184 omissum

214 1225 679 1312 respiciendum
725 1247 852 1292 non
899 1233 1017 1293 est.

429 1334 595 1413 Quid
663 1332 976 1421 significet
1037 1335 1144 1400 hic
1213 1336 1736 1420 „proscaenium“
1827 1354 1906 1400 ex
1972 1354 2181 1399 rerum
2266 1338 2567 1398 contextu

220 1440 376 1507 satis
433 1448 735 1527 apparet:
803 1441 959 1506 nihil
1025 1442 1195 1507 aliud
1261 1442 1384 1507 nisi
1448 1462 1747 1508 scaenam
1809 1442 2061 1507 theatri.
2127 1441 2269 1507 Hoc
2328 1442 2564 1522 verbiS,

216 1569 376 1631 quae
405 1550 578 1633 apud
597 1550 917 1614 Donatum
947 1570 1006 1633 p.
1030 1549 1407 1633 421egimus
1429 1568 1719 1633 quaeque
1744 1549 2215 1614 similitudinem
2247 1548 2565 1631 quandam

214 1674 353 1721 cum
420 1655 520 1722 his
584 1656 842 1741 habent,
911 1656 1338 1723 confirmatur.
1415 1658 1639 1739 Neque
1706 1656 1892 1722 aliter
1936 1676 2041 1721 res
2086 1675 2188 1721 me
2234 1656 2444 1779 iudice
2492 1674 2562 1719 se

215 1764 410 1828 habet
454 1765 516 1827 in
567 1764 938 1829 Truculenti
994 1765 1152 1848 prol.
1202 1784 1260 1827 v.
1315 1764 1432 1827 10:
2466 1784 2469 1787 ·

586 1891 642 1954 1.
689 1890 1121 1973 „·Pe1parvam
1164 1896 1410 1974 partem
1458 1890 1743 1975 postulat
1787 1889 2053 1955 Plautus
2098 1887 2225 1955 loci

682 1998 786 2061 De
825 1997 1056 2061 vestris
1101 1998 1350 2081 magnis
1400 2003 1591 2079 atque
1640 1999 1926 2063 amoenis
1973 1998 2327 2078 moenibUS,

621 2108 628 2115 '
683 2104 970 2169 Athenas
1019 2124 1142 2185 quo
1191 2105 1328 2170 sine
1373 2105 1739 2171 architectis
1789 2104 2094 2171 conferat.
2128 2142 2211 2151 -
2262 2143 2348 2152 —-

541 2211 642 2275 10.
689 2212 957 2276 Athenis
1003 2218 1208 2277 tracto
1255 2214 1350 2278 ita
1393 2218 1462 2276 ut
1508 2212 1631 2278 hoc
1680 2217 1777 2278 est
1822 2213 2283 2297 proscaenium,

684 2304 1030 2404 Tantisper
1076 2318 1225 2385 dum
1273 2321 1680 2403 transigimus
1727 2320 1891 2387 hanc
1940 2317 2397 2387 comoediam.“

424 2434 500 2497 In
567 2434 781 2500 verbis
849 2434 1154 2520 „Athenis
1219 2437 1485 2521 tracto“,
1551 2456 1716 2518 quae
1777 2456 1893 2521 per
1956 2456 2026 2501 se
2098 2435 2387 2519 intellegi
2452 2452 2563 2497 ne-

209 2548 465 2624 quount,
514 2543 914 2608 consentiunt
961 2536 1216 2609 codices
1264 2562 1504 2625 omnes,
1552 2543 1863 2626 siquidem
1914 2543 2081 2626 quod
2133 2562 2289 2607 unus
2338 2542 2389 2605 Β
2440 2548 2561 2607 tra-'

205 2648 370 2713 didit
431 2648 787 2732 „Athinis“,
854 2650 1321 2733 respiciendum
1385 2671 1513 2716 non
1563 2658 1680 2716 est.
1720 2650 2127 2734 Scripserunt
2182 2650 2562 2734 Spengelius

202 2756 334 2842 (ed.
413 2755 654 2841 1868);
727 2757 1034 2839 „Athenis
1091 2757 1253 2823 haec
1315 2752 1500 2824 sunto
1557 2759 1653 2823 ita
1699 2805 1713 2823 .
1770 2804 1785 2821 .
1834 2756 1893 2822 .“
1946 2763 2201 2823 secutus
2250 2776 2331 2821 ex
2378 2764 2565 2841 parte·

202 2864 663 2946 Camerarium,
713 2863 819 2945 qui
871 2864 1201 2947 „Athenae
1268 2867 1430 2931 istae
1480 2871 1665 2931 sunto
1713 2866 1805 2930 ita
1852 2912 1867 2928 .
1917 2914 1932 2928 .
1983 2867 2041 2931 .‘·‘
2103 2870 2559 2950 proposueratz,

201 2970 564 3055 Geppertus
610 2970 737 3055 (ed.
794 2972 1022 3059 1866);
1077 2973 1381 3059 „Athenis
1427 2974 1638 3057 agitur
1683 2975 1773 3038 ita
1819 2979 1887 3037 ut
1936 3021 1951 3035 .
1996 3022 2010 3037 .
2050 2974 2147 3055 .“3
2194 2972 2553 3039 Schoellius

203 3077 420 3159 (Anal.
482 3078 690 3142 Plaut.
750 3078 943 3161 1877,
996 3100 1056 3165 p.
1128 3080 1281 3161 45):
1353 3080 1684 3166 „Athenas
1743 3078 2033 3145 trastuli“
2100 3080 2207 3144 vel
2276 3080 2556 3165 „traloco

201 3184 325 3250 hoc
372 3186 541 3251 ubist
584 3186 1104 3270 proscaenium“;
1163 3187 1493 3253 Baehrens
1540 3187 1631 3275 (in
1680 3186 2084 3253 Fleckeiseni
2153 3207 2297 3252 ann.
2366 3186 2557 3272 1882,

203 3292 332 3357 vol.
361 3290 509 3374 125,
548 3312 610 3377 p.
633 3292 798 3357 474:
852 3294 1161 3379 „Athenis
1198 3294 1458 3377 (indicio
1498 3295 1591 3359 ita
1627 3301 1697 3359 ut
1731 3293 1854 3360 hoc
1882 3300 1981 3359 est
2017 3293 2557 3380 proscaenium“)3

203 3397 542 3483 Ussingius
589 3400 717 3483 (ed.
762 3401 992 3488 1886):
1045 3402 1349 3485 „Athenis
1386 3403 1764 3469 translatum
1798 3402 1923 3467 huc
1964 3401 2087 3467 hoc
2127 3407 2223 3466 est
2260 3421 2559 3485 proscae-

203 3506 444 3590 nium“;
483 3506 553 3573 C.
575 3507 650 3572 F.
673 3508 774 3575 W.
815 3508 1156 3575 Muellerus
1197 3511 1292 3596 (in
1319 3509 1505 3591 libro,
1545 3511 1653 3592 qui
1688 3510 2050 3575 inscribitur
2092 3510 2558 3591 „Plautinische

203 3614 535 3679 Prosodic“
586 3615 779 3697 1869,
836 3638 898 3700 p.
948 3615 1148 3704 510):
1201 3617 1528 3701 „Athenae
1583 3617 1745 3682 haec
1799 3616 1991 3683 urbs“
2042 3616 2149 3681 vel
2209 3615 2369 3700 „hoc
2415 3624 2555 3681 astu

203 3727 303 3787 est
338 3721 428 3785 ita
465 3726 588 3786 ut.
767 3723 964 3805 3Leo
1006 3724 1279 3807 denique
1321 3724 1562 3811 (cd.)„
1572 3724 1837 3791 Athenis
1884 3724 2143 3789 mutabo
2192 3722 2282 3788 ita
2319 3730 2388 3787 ut
2433 3722 2555 3788 hoc

203 3835 302 3895 cst
346 3829 853 3913 proscaenium“.

415 3937 593 4002 Haec
644 3935 876 4003 Leonis
924 3940 1288 4005 coniectura
1335 3906 1711 4021 sententiae,
1752 3957 1915 4021 quae
1960 3938 2065 4003 hic
2129 3936 2549 4020 desideratur,

201 4042 438 4127 optime
467 4043 798 4110 satisfacit.
838 4044 1150 4131 Prologus
1183 4046 1369 4128 enim,
1402 4048 1769 4131 priusquam
1802 4051 2237 4130 argumentum
2269 4048 2549 4130 exponit,

200 4148 412 4216 facete
458 4150 664 4216 locum
712 4152 870 4237 petit
915 4171 1180 4238 parvum
1226 4154 1472 4219 Romae
1519 4174 1559 4217 a
1605 4152 2091 4239 spectatoribuS,
2129 4152 2239 4217 ubi
2265 4153 2550 4218 Athenas

201 4258 421 4324 urbem
505 4263 763 4341 statuat,
828 4259 951 4326 hoc
1025 4266 1141 4341 est,
1222 4260 1333 4325 ubi
1404 4260 1627 4325 fabula
1700 4265 1950 4343 agatur,
2008 4268 2167 4345 ergo
2233 4279 2546 4325 scaenam.

199 4363 450 4431 Deinde
511 4364 595 4429 ad
658 4372 1093 4451 argumentum
1137 4368 1343 4453 ipsum
1393 4367 1613 4432 ordine
1678 4355 2099 4432 enarrandum
2163 4367 2548 4451 aggrediens

197 4472 346 4537 illuc
392 4472 729 4538 revertitur
775 4474 1009 4560 verbiS,
1059 4473 1136 4539 de
1185 4474 1412 4557 quibus
1462 4475 1689 4557 agitur.
