3175 5109
1197 416 1593 475 ...43-

445 601 694 688 „Etiam
740 600 1080 669 histriones
1117 622 1282 668 anno
1322 622 1463 667 cum
1510 603 1574 666 in
1622 599 1996 686 proscaenio
2042 599 2146 665 hic

434 712 654 778 Iovem
690 710 1082 795 invocarunt,
1129 710 1326 793 venit,
1366 710 1421 775 is
1471 708 1707 775 auxilio
1752 707 1973 774 fuit.“1

435 818 554 883 His
601 816 890 883 omnibus
939 836 1020 883 ex
1056 818 1214 884 locis
1253 836 1288 883 e
1327 817 1743 903 scriptoribus
1781 814 1999 901 petitis
2046 813 2565 902 „proscaenium“

218 926 438 992 valere
485 926 658 993 idem
704 924 873 1010 quod
917 944 1212 991 scaenam
1259 925 1488 991 theatri
1535 924 1662 990 iam
1707 925 1864 990 satis
1895 931 2179 1009 apparet.
2257 921 2572 988 Graviora

223 1039 437 1099 autem
497 1040 660 1118 sunt,
707 1052 869 1116 quae
926 1052 1007 1099 ex
1074 1033 1274 1099 titulis
1337 1034 1443 1115 qui
1509 1032 1796 1098 dicuntur
1859 1029 2131 1116 publicis
2192 1030 2311 1096 hac
2374 1030 2453 1095 de
2500 1048 2572 1094 re

223 1141 515 1207 concludi
596 1146 878 1226 possunt.
967 1140 1135 1207 Nam
1193 1140 1463 1225 primum
1531 1138 1786 1222 quidem
1883 1136 1963 1203 cf.
2032 1137 2103 1205 C.
2162 1139 2215 1203 I.
2281 1138 2353 1201 L.
2416 1137 2571 1221 XII,

226 1246 431 1315 1375:
483 1247 723 1331 „Rufus
767 1247 928 1313 fabr.
981 1246 1182 1332 praef.
1225 1247 1513 1315 Vasiens.
1565 1248 1634 1313 11
1681 1245 1823 1312 aed.
1863 1266 1983 1311 voc
2020 1284 2103 1295 -
2131 1244 2572 1330 proscaenium

221 1356 690 1442 marmorib(us)
723 1355 934 1422 ornari
959 1361 1343 1422 testamento
1375 1355 1578 1421 iussit.
1603 1359 1921 1421 vetustate
1952 1348 2385 1437 consumptum
2413 1352 2570 1437 r(es)

216 1463 530 1550 p(ublica)
577 1463 964 1547 rest(ituit).“
1031 1463 1154 1529 Hic
1197 1462 1646 1548 proscaenium
1698 1462 1909 1549 „idem
1956 1469 2058 1527 est
2096 1460 2265 1544 quod
2294 1480 2572 1527 scaenae

219 1571 392 1637 frons
441 1571 912 1656 spectatoribus
940 1570 1277 1638 adversa“.
1326 1571 1462 1636 Iam
1510 1570 1589 1636 cf.
1633 1571 1703 1637 C.
1743 1571 1796 1634 I.
1838 1570 1907 1633 L.
1949 1569 2068 1652 IX,
2116 1568 2329 1633 4663:
2394 1568 2574 1653 „Iovi

223 1678 301 1744 Ο.
329 1680 416 1743 Μ.
455 1678 681 1745 aedem
709 1715 779 1726 —
808 1679 881 1743 Τ.
921 1678 967 1744 t’.
1012 1678 1186 1758 Quir.
1224 1679 1510 1745 Iulianus
1537 1680 1610 1744 P.
1633 1716 1718 1727 -—
1742 1700 1779 1744 a
1799 1678 2068 1744 Veneris
2098 1684 2162 1743 et
2196 1676 2352 1761 Spei
2388 1677 2570 1763 signa

221 1788 287 1851 in
335 1807 419 1852 ea
449 1826 530 1835 —-
571 1806 868 1853 scaenam
907 1792 972 1852 et
1017 1786 1458 1871 proscaenium
1497 1791 1563 1851 et
1598 1785 2023 1871 por(ticum).“
2077 1785 2321 1863 Quibus
2357 1782 2571 1848 verbis

221 1914 460 1959 scaena
494 1893 636 1979 ipsa
674 1914 748 1960 ac
787 1894 1059 1960 scaenae
1078 1894 1252 1959 frons
1272 1914 1397 1959 una
1416 1913 1558 1960 cum
1576 1894 1823 1978 porticu
1843 1892 2090 1978 postica
2110 1891 2569 1978 significantur.

219 2002 382 2066 Item
430 2000 510 2065 cf.
559 2001 630 2067 C.
668 2002 720 2065 I.
760 2002 832 2066 L.
872 2001 962 2081 II,
1015 2002 1171 2065 183:
1255 2000 1529 2084 „Neroni
1569 1999 1837 2067 Claudio
1876 2000 2008 2065 divi
2046 1999 2273 2066 Claudi
2330 1998 2371 2063 f.
2414 1998 2568 2065 Ger-

219 2106 477 2193 (manici
515 2108 700 2174 Caes.
741 2129 801 2173 n.
842 2109 970 2192 Ti.)
1011 2108 1305 2175 Caesaris
1343 2112 1550 2194 (pron.
1579 2108 1737 2193 divi)
1766 2108 2059 2193 Aug(usti
2096 2107 2271 2191 abu.)
2310 2105 2571 2173 Caesari

219 2217 382 2300 Aug.
425 2214 804 2283 Germanico
849 2222 1025 2301 pont.
1063 2237 1231 2281 max.
1283 2216 1426 2281 trib.
1464 2222 1594 2301 pot.
1637 2216 1734 2281 III
1780 2215 1929 2300 imp.
1973 2216 2075 2281 111
2124 2234 2253 2281 cos.
2294 2216 2363 2279 II
2401 2211 2568 2279 desi-

147 2390 154 2397 ,
214 2328 410 2409 gnato
451 2323 548 2387 III
587 2324 1028 2408 proscaenium
1069 2329 1134 2388 et
1171 2324 1562 2390 orchestram
1610 2343 1751 2389 cum
1790 2322 2173 2389 ornamentis
2198 2321 2567 2405 Augustalis

215 2437 561 2516 perpetuus
624 2430 693 2497 C.
761 2431 961 2497 Heius
1015 2431 1262 2496 Primus
1322 2432 1480 2497 Cato
1537 2431 1705 2496 Heia
1763 2471 1849 2479 —
1910 2430 1968 2496 d.
2027 2430 2129 2495 d.“
2226 2430 2368 2498 Hoc
2425 2432 2567 2497 loco

210 2538 653 2622 proscaenium
697 2539 850 2604 item
895 2558 1172 2604 scaenae
1217 2538 1526 2624 pulpitum
1570 2538 1903 2627 significat.

430 2645 678 2711 Eadem
723 2644 885 2712 ratio
934 2654 1033 2712 est
1078 2647 1416 2713 verborum
1455 2646 1619 2711 tituli
1645 2646 2033 2712 Bovillensis
2075 2647 2145 2713 C.
2184 2647 2237 2711 I.
2275 2646 2347 2711 L.
2390 2647 2569 2728 XIV,

216 2754 437 2818 2416:
491 2753 758 2836 „Statua
802 2754 868 2817 in
913 2753 1351 2838 proscaenio.“
1415 2755 1578 2822 Nam
1626 2760 1849 2819 teneas
1893 2754 2087 2820 velim
2134 2760 2380 2819 statuas
2425 2754 2569 2818 titu-

210 2862 434 2944 losque
479 2859 764 2945 inprimis
810 2862 976 2926 intra
1023 2880 1320 2927 scaenam
1383 2861 1646 2943 eiusque
1700 2861 1764 2925 in
1810 2860 2015 2926 fronte
2062 2862 2212 2946 poni
2258 2862 2567 2946 potuisse,

215 2988 356 3033 cum
416 2969 612 3049 locus,
690 2987 812 3051 quo
883 2967 1198 3034 sedebant
1265 2975 1685 3053 spectatores,
1751 2974 1935 3054 aptus
2004 2990 2130 3034 non
2202 2976 2393 3036 esset.
2487 2970 2571 3035 Et

215 3075 534 3155 convenit,
584 3074 755 3156 quod
801 3074 942 3139 cod.
991 3073 1312 3141 Theodos.
1355 3076 1498 3155 XV,
1539 3075 1599 3155 7,
1648 3076 1690 3138 2
1736 3076 1894 3159 (394
1939 3097 1999 3160 p.
2051 3076 2221 3159 Chr.)
2269 3076 2570 3142 tradidit:

221 3181 329 3263 „Si
392 3200 518 3263 qua
572 3182 638 3246 in
700 3182 972 3266 pulicis
1033 3181 1380 3266 porticibus
1447 3184 1551 3248 vel
1613 3184 1676 3246 in
1735 3182 1834 3248 his
1884 3183 2209 3248 civitatum
2256 3184 2434 3264 locis,
2503 3186 2568 3249 in

214 3288 441 3369 quibus
491 3297 749 3354 nostrae
797 3290 1007 3354 solent
1051 3289 1366 3372 imagines
1426 3290 1809 3371 consecrari,
1858 3330 1963 3355 —.
2040 3292 2115 3356 In
2179 3290 2355 3356 aditu
2414 3311 2567 3355 vero

212 3395 362 3461 circi
409 3397 516 3461 vel
551 3396 615 3460 in
654 3395 1047 3462 theatrorum
1077 3396 1468 3481 proscaeniis
1507 3403 1578 3461 ut
1607 3398 2017 3482 collocentur,
2051 3418 2179 3463 non
2209 3402 2561 3464 vetamus.“

427 3504 653 3587 Itaque
693 3522 852 3569 voce
881 3504 1242 3588 proscaenii
1268 3504 1411 3589 ipsa
1442 3525 1681 3571 scaena
1700 3525 1826 3571 una
1863 3525 2003 3571 cum
2032 3506 2291 3590 posticis
2314 3504 2567 3571 aedium

213 3610 500 3693 partibus
571 3608 964 3694 significatur
1031 3630 1238 3692 neque
1309 3611 1526 3677 Livius
1593 3611 1765 3677 aliud
1824 3612 2039 3678 verbis
2099 3612 2453 3697 „theatrum
2501 3618 2568 3678 et

211 3716 688 3801 proscaenium“
732 3717 1092 3802 significare
1130 3718 1334 3802 potuit
1371 3720 1489 3785 nisi
1513 3720 1744 3785 iustum
1777 3725 2100 3803 totumque
2128 3720 2361 3785 theatri
2392 3720 2567 3785 aedi-

212 3823 441 3889 ficium.
533 3822 758 3906 Neque
817 3822 882 3887 in
946 3824 1178 3889 tabulis
1242 3824 1372 3891 illis
1436 3826 1727 3910 publicis,
1791 3826 1873 3891 ad
1940 3846 2096 3908 quas
2162 3826 2323 3892 haec
2370 3828 2569 3893 verba

212 3928 424 3996 redire
471 3948 666 4014 supra
701 3931 992 4015 exposui,
1039 3930 1222 3997 aliter
1259 3950 1340 3995 ea
1376 3938 1683 4016 usurpata
1722 3952 1865 3998 esse
1902 3934 2005 3997 vel
2041 3932 2189 3999 inde
2228 3934 2565 4019 colligitur,

214 4036 384 4119 quod
459 4036 707 4102 duobus
779 4035 877 4101 his
943 4038 1155 4102 verbis
1221 4038 1635 4103 sollemnibus
1700 4043 1902 4103 totum
1980 4059 2139 4124 opus
2221 4040 2567 4125 significari

16 4152 18 4159 ·
97 4112 158 4199 '.
213 4145 396 4211 solet.
492 4142 588 4208 of.
668 4142 836 4207 enim
903 4143 973 4209 c.
1047 4144 1099 4207 1.
1164 4144 1236 4224 L,
1318 4145 1445 4225 lx,
1519 4144 1691 4210 3857
1766 4146 2078 4233 (Supini):
2168 4147 2566 4231 „Melanthus

212 4249 285 4314 P.
334 4249 496 4315 Deci
543 4255 609 4315 et
656 4251 943 4335 collegae
988 4250 1326 4338 mag(istri)
1365 4252 1711 4337 He(rculis)
1758 4253 2033 4319 tribunal
2080 4273 2310 4319 novom
2347 4275 2387 4319 a
2424 4255 2561 4320 solo

428 4518 448 4554 1
487 4517 693 4585 Quibus
733 4517 800 4574 de
843 4518 1086 4574 versibus
1126 4519 1262 4574 infra
1301 4519 1476 4576 fusius
1513 4536 1690 4591 agam,
1732 4538 1783 4595 p.
1824 4523 1909 4577 44.
