3175 5109
1222 374 1616 431 ...29-

239 556 456 625 dicant
502 560 870 645 popularem
920 580 1288 626 consessum
1335 567 1400 625 et
1460 581 1886 629 consessores.
1976 560 2201 645 Neque
2251 582 2403 630 vero
2464 562 2587 629 dis-

243 672 506 751 crepant
550 668 828 751 tabulae,
869 688 1030 751 quae
1071 668 1364 734 dicuntur
1412 671 1763 752 censoriae,
1815 692 1954 736 cum
2000 672 2279 739 referant
2318 692 2395 737 eo
2426 692 2588 737 anno

237 780 494 840 secreta
541 795 682 841 esse
733 798 773 841 a
818 778 1050 861 populo
1097 777 1242 843 loca-
1287 780 1631 844 senatoria.
1729 778 1907 856 Quae
1953 779 2059 844 vix
2118 780 2591 866 intelleguntur,

238 880 294 945 si
339 888 674 955 senatores
721 884 784 948 in
833 884 1080 949 theatro
1129 890 1274 950 ante
1323 886 1388 951 id
1438 892 1685 973 tempus
1732 887 2076 969 stetissent,
2126 888 2229 953 vel
2278 887 2332 953 si
2388 888 2589 953 sellas

239 988 697 1058 adhibuissent.

454 1123 585 1189 Sed
647 1122 1031 1189 Ritschelius
1077 1125 1143 1209 (l.
1193 1144 1246 1189 c.
1293 1146 1358 1209 p.
1428 1123 1588 1211 216)
1650 1124 1974 1190 Valerium
2038 1124 2379 1189 Maximum
2438 1124 2591 1189 nihil

237 1229 321 1295 de
379 1229 752 1297 sedentibus
812 1221 1276 1315 spectatoribus
1343 1231 1556 1297 dicere
1624 1231 1935 1312 affirmat3
2009 1231 2331 1297 Ciceronis
2396 1232 2591 1297 Asco-

235 1338 452 1421 niique
514 1337 728 1404 verbis
787 1339 942 1403 nihil
1007 1339 1266 1423 probari
1312 1339 1659 1420 contendit,
1706 1340 1829 1405 nisi
1894 1339 2167 1404 fortasse
2236 1360 2315 1404 ea
2377 1346 2591 1403 aetate

235 1466 418 1511 usum
482 1446 780 1511 sellarum
830 1447 954 1513 iam
988 1446 1178 1541 'satis
1245 1448 1690 1530 pervulgatum
1740 1446 1974 1528 fuisse3
2048 1447 2300 1511 Livium
2368 1450 2590 1531 aperte

232 1552 609 1636 posterioris
655 1554 884 1619 aetatis
932 1554 1222 1619 instituta
1268 1555 1350 1619 ad
1396 1555 1661 1638 pristina
1706 1561 1996 1639 tempora
2042 1554 2363 1619 rettulisse
2413 1554 2588 1619 dicit.

231 1660 339 1725 De
377 1661 636 1727 Valerio
683 1660 959 1727 Maximo
1006 1682 1132 1727 non
1181 1668 1297 1742 est,
1348 1661 1517 1743 quod
1567 1663 1833 1727 verbum
1880 1662 2136 1727 addam.
2216 1661 2591 1727 Ciceronem

235 1775 436 1851 certe,
498 1770 621 1835 etsi
665 1768 922 1835 Antiate
969 1791 1094 1835 non
1142 1790 1291 1849 usus
1341 1780 1458 1851 est,
1509 1770 1757 1851 eadem,
1807 1788 1971 1851 quae
2020 1770 2266 1833 Livium
2316 1770 2591 1834 sensisse

235 1882 524 1960 apparet.
574 1876 903 1960 Respieias
941 1877 1128 1956 enim,
1168 1898 1331 1959 quae
1363 1878 1689 1943 Ciceronis
1721 1879 2016 1962 leguntur
2054 1877 2222 1961 apud
2252 1876 2592 1942 Asconium

235 1983 278 2047 l.
348 2004 435 2049 c.:
514 1985 626 2068 „R
666 1983 1001 2049 Africanus
1049 2033 1064 2047 .
1117 2032 1134 2048 .
1180 2004 1409 2069 passus
1459 1992 1631 2050 esset
1693 1990 1824 2049 tum
1878 1986 2145 2069 primum
2206 2006 2247 2049 a
2305 1984 2591 2069 populari

235 2110 546 2157 consessu
591 2092 914 2157 senatoria
957 2092 1246 2160 subsellia
1292 2092 1663 2177 separari“;
1711 2093 1865 2156 item
1912 2092 1990 2156 cf.
2043 2090 2213 2173 quod
2252 2092 2477 2157 Cicero
2510 2092 2590 2156 de

233 2200 498 2284 harusp.
567 2220 734 2283 resp.
807 2200 910 2279 12,
958 2200 1044 2263 24
1107 2198 1339 2265 refert:
1437 2220 1627 2284 „nam
1688 2200 1841 2282 quid
1902 2220 2022 2285 ego
2084 2199 2165 2265 de
2229 2200 2358 2264 illis
2422 2196 2590 2262 ludis

233 2308 484 2387 loquar,
547 2325 704 2389 quos
768 2306 833 2369 in
879 2306 1132 2371 Palatio
1181 2307 1378 2373 nostri
1425 2306 1698 2371 maiores
1759 2312 1904 2374 ante
1967 2306 2269 2391 templum
2329 2304 2389 2367 in
2450 2305 2591 2389 ipso

233 2414 462 2479 Matris
500 2414 776 2496 Magnae
826 2420 1169 2498 conspectu
1215 2413 1647 2498 Megalesibus
1695 2413 1833 2479 fieri
1882 2412 2319 2494 celebrarique
2367 2413 2589 2477 volue-

229 2519 444 2585 runt?
493 2521 600 2603 qui
645 2528 790 2586 sunt
835 2540 1012 2586 more
1051 2521 1446 2602 institutique
1481 2520 1755 2585 maxime
1804 2522 1984 2602 casti,
2034 2522 2394 2601 sollemnes,
2443 2520 2585 2583 reli-

228 2627 418 2709 giosi,
468 2628 694 2709 quibus
740 2628 907 2693 ludis
955 2628 1223 2713 primum
1263 2635 1410 2695 ante
1450 2629 1670 2713 populi
1702 2648 2063 2694 consessum
2104 2628 2352 2693 senatui
2380 2629 2589 2692 locum

227 2736 304 2799 P.
370 2734 706 2801 Africanus
772 2736 998 2801 iterum
1064 2736 1280 2802 consul
1355 2738 1462 2801 ille
1537 2736 1738 2803 maior
1812 2735 2048 2801 dedit.“
2131 2734 2375 2812 Quibus
2445 2754 2587 2798 cum

229 2842 448 2907 verbis
515 2842 805 2907 conferas
872 2843 1164 2927 exempli
1214 2844 1421 2929 gratia
1487 2848 1645 2909 orat.
1708 2863 1824 2927 pro
1890 2842 2041 2909 Sex,
2096 2841 2331 2907 Roscio
2378 2845 2417 2922 ξ
2464 2842 2585 2905 59:

237 2949 702 3033 „Posteaquam
760 2949 1001 3015 invenit
1063 2951 1380 3016 neminem
1447 2970 1686 3030 eorum,
1736 2949 1842 3031 qui
1906 2956 2170 3035 possunt
2238 2957 2301 3014 et
2359 2949 2585 3032 solent,

228 3057 322 3121 ita
379 3058 730 3140 neglegens
795 3077 939 3123 esse
987 3059 1217 3141 coepit,
1283 3063 1352 3121 ut
1396 3096 1482 3103 -—
1531 3063 1743 3122 vestro
1793 3076 2095 3122 consessu
2151 3062 2215 3121 et
2266 3057 2390 3120 hoc
2437 3064 2583 3120 con*-

229 3172 427 3229 ventu
472 3186 586 3248 pro
635 3184 878 3229 summa
937 3166 1276 3230 solitudine
1341 3166 1729 3229 abuteretur.
1824 3163 2158 3229 Peroravit
2220 3160 2585 3243 aliquandO,

233 3272 524 3354 adsedit3
572 3273 818 3339 surrexi
864 3273 1048 3359 ego.“
1103 3271 1281 3338 Conf.
1334 3272 1548 3353 etiam,
1598 3273 1652 3336 si
1701 3270 1858 3335 tanti
1898 3276 2015 3353 cst,
2065 3291 2154 3337 or.
2195 3290 2308 3354 pro
2348 3269 2584 3333 Milone

232 3385 272 3461 ἓ
327 3382 398 3445 1;
486 3378 672 3463 „Non
754 3379 921 3445 enim
1001 3400 1234 3445 corona
1309 3398 1643 3447 consessus
1718 3383 1933 3444 vester
2008 3378 2248 3443 cinctus
2316 3382 2434 3457 est,
2518 3379 2588 3438 ut
2641 3384 2678 3393 ”’

234 3487 545 3553 solebat.“

411 3603 627 3669 Potuit
691 3610 860 3669 certe
925 3602 1082 3685 fieri,
1141 3608 1207 3667 ut
1265 3609 1328 3667 et
1376 3603 1670 3669 Valerius
1707 3592 1939 3669 nutias
2007 3608 2071 3667 et
2132 3602 2388 3683 ignotus
2450 3598 2583 3679 ille,

235 3730 422 3793 quem
484 3710 708 3776 Cicero
783 3710 1067 3793 sequitur
1143 3716 1382 3792 auctor,
1470 3709 1766 3795 propriae
1832 3710 2062 3775 aetatis
2138 3706 2424 3772 instituta
2504 3704 2587 3769 ad

233 3817 500 3902 pristina
562 3827 846 3901 tempora
909 3825 1305 3882 revocarent.
1398 3816 1528 3882 Sed
1595 3816 1983 3903 argumentis
2043 3815 2164 3879 hoc
2236 3811 2587 3877 Rilschelio

231 3924 626 4011 probandum
721 3932 877 3989 erat.
997 3924 1254 3991 Nullum
1337 3924 1600 3988 allatum
1678 3923 1887 4004 vide0,
1972 3922 2091 3986 nisi
2182 3919 2345 3985 forte
2439 3919 2583 3983 loco

235 4032 536 4114 eiusdem,
577 4050 764 4114 quem
808 4030 996 4096 modo
1045 4029 1458 4115 impugnavit,
1501 4029 1826 4096 Ciceronis
1865 4048 1945 4093 ex
1985 4028 2147 4094 libro
2188 4025 2269 4090 de
2310 4024 2589 4091 amicitia

237 4138 294 4220 7,
390 4139 478 4203 24
544 4138 746 4223 petito
828 4159 942 4223 pro
1026 4142 1394 4224 argumento
1483 4137 1574 4201 uti
1660 4136 1970 4216 volumUS,
2056 4132 2123 4198 id
2190 4132 2360 4215 quod
2434 4131 2587 4197 fecit

232 4244 613 4312 Ritschelius
676 4246 740 4309 in
805 4242 1198 4329 praefatione
1277 4266 1337 4329 p.
1405 4243 1656 4309 XVIII.
1740 4243 1959 4308 Verba
2033 4240 2358 4307 Ciceronis
2423 4239 2585 4304 haec

230 4354 417 4419 sunt:
472 4350 634 4436 „Qui
683 4352 990 4417 clamores
1035 4357 1172 4416 tota
1221 4370 1421 4415 eavea
1465 4370 1666 4434 nuper
1711 4350 1776 4414 in
1822 4347 2196 4433 hospitis·et
2233 4346 2419 4411 amici
2458 4346 2583 4409 mei

231 4460 312 4525 M.
378 4458 617 4524 Pacuvi
682 4478 851 4524 nova
915 4457 1170 4540 fabula3
1251 4476 1391 4523 cum
1465 4458 1798 4543 ignorante
1866 4476 2041 4541 rege,
2109 4460 2251 4518 uter
2320 4452 2583 4518 Orestes
