3175 5109
1251 437 1649 495 -23..-

275 626 737 714 quagesimum]
808 630 1102 692 octavum
1165 644 1396 690 annum
1460 625 1525 689 in
1592 624 1945 712 promiscuo
2010 626 2363 709 spectatum
2440 644 2622 707 esse3

274 737 427 820 quid
474 741 736 819 repente
783 733 1037 816 factum,
1079 753 1188 799 cur
1234 732 1574 799 immisceri
1620 731 1744 797 sibi
1769 732 1833 797 in
1872 750 2073 797 cavea
2114 738 2330 815 patres
2365 732 2623 817 plebem

269 828 586 909 nollent?
615 862 725 907 cur
771 840 951 906 dives
996 860 1340 926 pauperem
1391 859 1829 907 consessorem
1875 838 2291 905 fastidiret‘?“
2464 843 2469 847 ’

486 950 732 1017 Eodem
759 948 1001 1014 Valerii
1027 947 1290 1013 Maximi
1334 947 1480 1013 libri
1511 948 1600 1028 II,
1643 968 1781 1032 cap.
1825 947 1869 1010 4
1905 952 1944 1029 ξ
1982 948 2023 1011 3
2060 948 2265 1013 verba
2294 953 2621 1032 spectant:

273 1061 441 1145 „Per
487 1057 866 1142 quingentos
912 1061 1124 1122 autem
1171 1062 1234 1119 et
1282 1055 1741 1140 quinquaginta
1786 1060 1852 1119 et
1899 1060 2041 1120 octo
2090 1075 2295 1121 annos
2360 1062 2620 1121 senatus

267 1167 504 1252 populo
551 1165 783 1230 mixtus
831 1164 1196 1249 spectaculo
1243 1163 1534 1229 ludorum
1579 1161 1885 1229 interfuit.
1976 1162 2111 1228 Sed
2154 1162 2321 1227 hunc
2379 1183 2619 1228 morem

268 1274 497 1339 Atilius
545 1272 854 1338 Serranus
919 1278 983 1337 et
1046 1271 1120 1335 L.
1166 1270 1537 1337 Scribonius
1606 1269 1810 1354 [Libo]
1876 1268 2118 1335 aediles
2181 1270 2367 1335 ludos
2429 1270 2620 1335 Matri

269 1381 458 1447 deum
503 1380 833 1461 facienteS,
879 1378 1246 1464 posterioris
1300 1376 1584 1443 Africani
1631 1377 2014 1444 sententiam
2077 1376 2287 1452 secuti¹
2326 1377 2621 1443 discretis

267 1494 531 1555 senatus
579 1493 643 1552 et
687 1488 906 1572 populi
953 1486 1109 1552 locis
1156 1484 1566 1552 solverunt.“'

483 1597 643 1676 Hoc,
711 1594 879 1685 quod
961 1592 1188 1660 dicitur
1268 1594 1649 1677 exemplum,
1711 1592 2036 1658 Valerium
2112 1614 2147 1656 e
2212 1590 2376 1656 Livii
2439 1591 2619 1658 libris

267 1704 574 1789 petivisse
620 1702 1046 1767 Zschechius1
1095 1702 1225 1766 iam
1273 1700 1574 1765 ostendit.
1655 1701 1819 1768 Nam
1868 1706 1933 1764 et
1980 1698 2251 1765 eundem
2290 1718 2617 1765 numerum

267 1829 574 1877 annorum
621 1808 810 1895 (558)
849 1815 1112 1891 uterque
1163 1807 1380 1875 exibet
1417 1814 1657 1889 auctor,
1704 1827 1913 1889 neque
1962 1827 2125 1890 quae
2164 1808 2333 1892 apud
2369 1807 2618 1872 Livium

264 1919 754 1999 subsequuntur,
803 1916 1092 1982 universe
1143 1936 1282 1981 cum
1329 1915 1588 1981 Valerio
1638 1915 2023 1999 discrepant,
2064 1934 2442 1998 quamquam
2490 1915 2615 1981 sin·

263 2027 452 2112 gulae
501 2046 606 2091 res
651 2047 690 2090 a
738 2022 997 2091 Valerio
1045 2026 1286 2089 relatae
1335 2023 1635 2091 differunt
1680 2044 1720 2088 a
1766 2023 1970 2088 Livio.

479 2134 574 2199 Ac
618 2133 884 2217 primum
923 2131 1178 2215 quidem
1217 2132 1528 2212 Valerius,
1578 2132 1749 2213 quod
1794 2130 2213 2215 posteriorem
2249 2130 2615 2197 Africanum

265 2246 714 2307 commemorat
777 2240 1161 2325 Scipionem,
1213 2244 1476 2305 errore2
1537 2239 1843 2323 deceptus
1890 2245 2008 2319 est,
2059 2259 2199 2314 cum
2262 2259 2448 2304 nemo
2494 2239 2615 2305 nisi

263 2350 528 2416 Publius
586 2346 914 2413 Cornelius
979 2347 1194 2432 Scipio
1231 2346 1539 2431 superior,
1587 2347 1693 2428 qui
1743 2346 1991 2426 dicitur,
2059 2347 2145 2412 ad
2190 2366 2400 2411 rerum
2466 2367 2617 2412 con-

260 2464 504 2523 textum
545 2455 830 2539 quadret.
879 2456 1043 2519 Tum
1093 2455 1174 2520 de
1221 2453 1406 2537 ludis,
1469 2454 1695 2538 quibus
1761 2456 1907 2519 loca
1964 2454 2288 2521 senatoria
2344 2454 2612 2540 primum

257 2585 300 2630 a
357 2562 593 2648 populo
643 2567 896 2627 secreta
941 2562 1085 2643 sint,
1133 2562 1228 2627 illi
1273 2582 1401 2627 non
1449 2562 1865 2644 consentiunt,
1940 2582 2083 2627 eum
2130 2561 2301 2646 apud
2362 2562 2613 2627 Livium

262 2672 467 2757 „ludis
531 2669 898 2752 Romanis“,
966 2669 1139 2754 apud
1186 2668 1510 2734 Valerium
1581 2668 1863 2753 „aediles
1926 2668 2111 2736 ludos
2177 2668 2364 2733 Matri
2422 2670 2610 2734 deum

255 2774 606 2841 facientes“
676 2772 962 2859 legamus
1021 2773 1258 2837 verba.
1334 2772 1474 2837 Hoc
1560 2771 1840 2836 incuriae
1924 2770 2143 2837 tribuit
2222 2771 2610 2837 Zschechius

255 2880 518 2947 Valerii.
589 2880 791 2958 Quem
839 2899 980 2944 cum
1049 2879 1219 2964 apud
1283 2879 1532 2943 Livium
1577 2878 1888 2960 XXXIV,
1935 2878 2022 2942 54
2087 2878 2355 2961 legisset
2392 2878 2609 2964 Mega·

256 2987 418 3054 lesia
483 2986 666 3053 ludos
731 2987 1082 3067 scaenicOS,
1133 3006 1291 3069 quos
1354 2986 1585 3053 Atilius
1651 2986 1961 3053 Serranus
2011 2992 2074 3050 et
2121 2986 2194 3049 L.
2243 2985 2609 3052 Scribonius

254 3095 416 3161 Libo
465 3094 710 3161 aediles
758 3095 1008 3160 curules
1054 3094 1240 3178 primi
1286 3093 1612 3176 fecissent,
1651 3094 1715 3158 in
1762 3112 2042 3159 errorem
2086 3098 2337 3177 raptum
2375 3092 2607 3172 verbiS,

255 3222 420 3286 quae
504 3202 852 3268 succedunt
929 3202 1190 3287 „horum
1276 3202 1576 3266 aedilium
1658 3200 1843 3267 ludos
1916 3204 2301 3284 Romanos“,
2374 3220 2607 3265 novum

252 3308 415 3374 illud
460 3308 832 3392 institutum,
882 3330 1008 3391 qua
1056 3314 1230 3373 esset
1277 3309 1561 3381 levitate,
1609 3330 1735 3374 non
1776 3306 1860 3373 ad
1898 3307 2081 3373 ludos
2118 3310 2458 3391 Romanos,
2491 3306 2606 3373 scd

255 3415 337 3480 ad
385 3416 741 3499 Megalesia
778 3416 1117 3481 rettulisse.
1170 3416 1358 3481 Certe
1405 3416 1576 3498 quod
1623 3415 2007 3480 Zschechius
2046 3414 2337 3495 coniecit,
2402 3416 2604 3499 primo

251 3524 477 3588 obtutu
522 3543 646 3587 uon
686 3522 990 3588 dissimile
1040 3522 1178 3588 veri
1226 3542 1366 3589 esse
1407 3522 1679 3587 videtur.
1728 3522 1861 3588 Sed
1889 3530 1957 3586 ut
1986 3523 2339 3588 accuratius
2377 3525 2606 3587 inrcm

249 3630 656 3713 inquiramus,
718 3628 800 3694 ad
848 3630 1013 3693 Livii
1075 3632 1272 3696 verba
1323 3636 1588 3713 utraque
1651 3630 2008 3711 redeamus„
2075 3649 2235 3712 quae
2301 3635 2603 3712 quantum

248 3737 608 3822 praebeant
671 3736 1059 3819 offensionis,
1115 3757 1374 3820 prorsus
1439 3759 1565 3803 non
1627 3739 1807 3803 latet.
1877 3738 1969 3802 Ac
2032 3738 2300 3822 primum
2348 3737 2603 3818 quidem

251 3844 474 3908 mirum
555 3842 840 3928 profecto
908 3850 1024 3927 est,
1095 3845 1264 3927 quod
1331 3845 1502 3910 idem
1565 3846 1666 3913 bis
1741 3852 1930 3929 atque
2006 3844 2233 3910 eodem
2309 3845 2373 3909 in
2438 3846 2601 3911 libro

251 3950 598 4033 attingitur,
667 3957 732 4017 et
797 3952 862 4016 in
928 3952 1137 4037 capite
1200 3953 1288 4015 44
1346 3959 1409 4018 et
1469 3952 1575 4036 54,
1640 3974 1846 4037 neque
1914 3974 2065 4020 vero
2122 3952 2351 4018 eodem
2412 3952 2599 4019 modo

251 4052 642 4138 exprimitur,
690 4060 758 4119 ut
804 4053 1076 4121 eundem
1121 4056 1294 4139 loqui
1340 4062 1663 4123 auctorem
1710 4078 1837 4123 non
1884 4057 2197 4126 crederes·
2246 4060 2413 4127 Nam
2457 4060 2600 4125 loco

463 4350 484 4389 1
526 4345 600 4403 Cf.
647 4347 742 4403 «de
782 4348 1043 4405 Cicerone
1081 4358 1136 4406 et
1174 4349 1320 4406 Livio
1361 4349 1560 4406 Valerii
1599 4350 1813 4407 Maximi
1849 4351 2119 4408 fontibus»
2163 4353 2322 4423 1865,
2365 4372 2418 4427 p.
2442 4355 2527 4414 37.

459 4461 484 4499 2
523 4457 668 4515 Idem
709 4459 767 4513 P.
810 4458 1088 4515 Cornelius
1123 4460 1299 4533 Scipio
1339 4461 1622 4517 Africanus
1674 4463 1851 4518 minor
1885 4463 2216 4518 Aemilianus
2257 4464 2455 4521 dicitur
2492 4482 2594 4540 pro

247 4543 527 4616 superiore
566 4541 626 4612 V,
671 4544 720 4608 1,
766 4544 817 4611 7,
858 4551 912 4598 at
949 4543 1079 4616 vlu,
1122 4544 1208 4613 15,
1255 4548 1274 4599 1
1323 4546 1570 4618 superior
1612 4563 1708 4619 pro
1749 4548 2071 4621 posteriore.
