3175 5109
491 1181 589 1245 De
630 1181 820 1245 rebus
857 1180 1168 1245 scaenicis
1206 1179 1528 1261 Romanis,
1561 1199 1728 1261 quae
1768 1181 2113 1263 qualesque
2154 1178 2387 1245 fuerint
2418 1179 2627 1246 Plauti

278 1294 510 1373 poetae
550 1287 962 1371 temporibus,
1000 1287 1199 1353 fusius
1237 1287 1617 1369 uberiusque
1657 1288 1893 1371 primus
1931 1289 2037 1352 Fr.
2076 1287 2463 1353 Ritschelius
2502 1287 2629 1353 dis-

280 1398 528 1481 putavit
572 1397 636 1461 in
680 1396 842 1462 libro
891 1416 989 1477 eo,
1038 1397 1143 1479 qui
1190 1396 1552 1463 inscribitur
1594 1397 1919 1482 „Parerga
1963 1396 2259 1463 Plautina
2297 1396 2627 1462 Terentia-

279 1504 526 1587 naque“
569 1505 850 1570 Berolini
893 1505 1080 1569 1845.
1125 1503 1246 1581 Qui
1284 1524 1408 1587 qua
1453 1512 1593 1569 erat
1640 1504 1973 1589 diligentia
2019 1510 2207 1585 atque
2250 1503 2626 1589 sagacitate,

280 1632 659 1694 quamquam
688 1612 1002 1697 permulta
1036 1618 1208 1677 recte
1249 1611 1623 1696 explanavit
1660 1617 1723 1676 et
1753 1610 2162 1677 difficultates
2191 1612 2362 1677 haud
2393 1632 2629 1696 paucas

281 1719 541 1800 detexit,
591 1739 755 1803 quae
802 1719 1078 1803 priorum
1124 1718 1536 1803 interpretum
1584 1718 1841 1803 ingenia
1900 1716 2218 1803 fugerant,
2274 1724 2489 1785 tamen
2535 1718 2630 1784 in-

282 1827 561 1893 dustriae
644 1833 709 1893 et
788 1825 1265 1908 investigationi
1341 1826 1518 1890 nihil.
1575 1824 2064 1910 disceptandum
2148 1846 2275 1890 non
2354 1826 2630 1909 reliquit,

280 1934 594 2016 siquidem
677 1954 895 1999 verum
969 1938 1066 1999 est
1138 1932 1295 1998 illud
1334 1954 1348 1993 ε
1423 1935 1505 2005 εἷς
1579 1934 1739 2016 ἀνὴρ
1814 1935 1891 1996 οὐ
1958 1935 2309 2016 πάνθ’ὁρᾶ.
2344 1937 2365 1977 1
2452 1933 2629 2011 Quae

281 2062 422 2107 cum
497 2042 584 2107 ita
631 2043 774 2124 sint,
849 2062 1108 2126 operam
1182 2040 1366 2105 nobis
1440 2059 1566 2103 non
1662 2038 2020 2124 perdidisse
2080 2039 2393 2121 videmur,
2460 2041 2630 2123 quod

282 2149 688 2229 quaestiones
753 2149 835 2214 de
883 2149 1074 2213 rebus
1138 2147 1449 2213 scaenicis
1496 2147 1809 2213 Plautinis
1856 2152 2061 2227 motas
2107 2145 2378 2213 necdum
2444 2148 2631 2213 abso-

280 2256 447 2321 lutas
501 2278 616 2341 pro
663 2256 830 2321 virili
876 2260 1055 2340 parte
1117 2254 1325 2320 denuo
1375 2254 1743 2321 tractandas
1792 2253 2205 2339 suscepimus.
2298 2255 2631 2321 Erravisse

283 2364 450 2427 enim
513 2364 664 2428 mihi
721 2362 978 2428 videtur
1021 2362 1408 2427 Ritschelius
1455 2360 1520 2425 in
1566 2361 1668 2444 iis,
1734 2381 1897 2443 quae
1947 2361 2027 2427 de
2076 2367 2505 2445 spectatorum
2565 2363 2631 2427 in

282 2470 445 2536 ludis
493 2470 802 2537 scaenicis
849 2469 1016 2534 illius
1065 2467 1296 2534 aetatis
1345 2468 1719 2535 condicione
1750 2468 2039 2537 coniecit.
2083 2468 2225 2546 Qua
2264 2470 2345 2535 de
2383 2490 2453 2537 re
2482 2471 2630 2537 inde

288 2598 329 2643 a
373 2578 610 2663 pagina
657 2549 786 2643 2⁵09
825 2598 922 2661 sq.
969 2578 1132 2643 haec
1175 2575 1309 2643 fere
1361 2576 1690 2660 exposuit:
2170 2593 2175 2597 ·

502 2672 749 2751 Romae
814 2690 959 2750 ante
1029 2703 1260 2749 annum
1325 2682 1410 2748 55
1457 2704 1514 2748 a.
1565 2684 1713 2749 Chr.
1778 2705 1840 2748 n.
1906 2684 2223 2749 theatrum
2286 2684 2630 2770 lapideum,

286 2791 588 2877 gradibus
643 2793 1013 2858 instructum
1078 2811 1203 2856 non
1251 2790 1486 2873 fuisse3
1536 2792 1727 2873 quale
1766 2811 1930 2856 anno
1983 2791 2110 2856 154
2157 2813 2214 2858 a.
2274 2793 2419 2858 Chr.
2483 2815 2544 2859 n.
2594 2816 2633 2859 a

289 2900 660 2966 censoribus
727 2900 1004 2965 locatum
1053 2906 1118 2965 et
1163 2904 1420 2964 auctore
1467 2898 1539 2963 P.
1589 2898 1886 2983 Scipione
1936 2898 2173 2965 Nasica
2221 2902 2476 2967 consule
2552 2924 2633 2967 ex

288 3014 545 3074 senatus
595 3004 882 3073 consulto
931 3006 1319 3073 destructum
1368 3025 1510 3072 esse
1553 3005 1876 3071 Valerium
1921 3004 2264 3071 Maximum
2310 3009 2522 3092 (11‚4,
2564 3010 2631 3089 2)

289 3136 428 3182 esse
484 3122 825 3181 auctorem.
891 3113 1013 3191 Qui
1079 3114 1335 3197 quidem
1402 3119 1638 3196 „atque
1704 3113 1958 3196 etiam“‚
2034 3113 2257 3197 inquit,
2331 3122 2632 3196 „senatus

288 3223 574 3289 consulto
641 3229 891 3289 cautum
953 3228 1073 3302 est,
1138 3241 1217 3286 ne
1267 3221 1407 3303 quis
1455 3221 1519 3287 in
1567 3222 1728 3287 urbe⁴
1771 3221 2112 3306 propiusve
2160 3222 2331 3287 mille
2405 3243 2632 3307 passus

287 3330 591 3397 subsellia
662 3329 951 3415 posuisse
1015 3330 1332 3394 sedensve
1395 3328 1581 3394 ludos
1654 3333 1949 3412 spectare
2031 3328 2291 3394 vellet“.
2384 3330 2639 3417 Eadem·

287 3436 504 3502 Livius
552 3456 691 3502 cum
728 3436 958 3521 tradit,·
991 3435 1255 3501 addit22
1301 3436 1741 3520 „populusque
1781 3434 2169 3519 aliquamdiu
2224 3441 2400 3501 stans
2447 3437 2632 3503 ludos

217 3575 222 3583 ·
287 3545 662 3629 spectavit“.
727 3544 844 3609 His
891 3563 972 3607 ex
1010 3543 1224 3609 verbis
1290 3542 1547 3625 collegit
1594 3543 1980 3609 Ritschelius
2020 3548 2166 3608 ante
2232 3564 2462 3608 annum
2505 3545 2632 3609 154

287 3672 344 3718 a.
388 3651 533 3717 Chr.
574 3672 635 3716 n.
675 3652 991 3717 theatrum
1028 3649 1350 3735 gradibuS,
1389 3650 1455 3714 in
1494 3651 1720 3733 quibus
1766 3649 2167 3715 considerent
2211 3657 2630 3734 spectatores,

288 3747 562 3823 caruisse
631 3764 714 3841 et,
761 3757 884 3823 nisi
928 3759 1047 3842 ipsi
1094 3758 1290 3823 sellas
1339 3776 1553 3823 secum
1605 3757 1920 3839 tulissent,
1982 3763 2225 3823 stantes
2293 3777 2402 3823 eos
2464 3758 2657 3824 ludis·

286 3862 645 3929 interfuisse
710 3884 1096 3947 caveamque
1145 3865 1210 3930 in
1265 3864 1428 3931 colle
1473 3864 1703 3931 leniter
1769 3864 1998 3930 acclivi
2062 3864 2337 3948 positam
2403 3866 2631 3948 ligneis

288 3971 647 4037 carceribus
712 3972 1189 4037 circumclusam
1249 3970 1467 4038 fuisse.
1550 3972 1635 4035 Et
1671 3971 2025 4055 promiscue
2065 3972 2382 4038 Romanos
2428 3974 2629 4057 primo

287 4077 679 4162 spectavisse
742 4078 888 4144 illos
936 4078 1158 4161 ludos3
1226 4078 1342 4144 sed
1381 4099 1545 4143 anno
1601 4078 1725 4143 195
1792 4100 1849 4143 a.
1918 4078 2062 4144 Chr.
2137 4099 2199 4143 n.
2270 4086 2631 4145 senatorum

283 4184 426 4250 loca
489 4206 530 4251 a
574 4188 790 4271 populi
837 4193 1133 4273 separata
1209 4207 1348 4253 esse
1424 4186 1532 4270 ita,
1608 4199 1673 4249 ut
1740 4184 1869 4251 illis
1935 4192 2341 4259 servarentur
2407 4187 2628 4271 prima.

393 4430 400 4437 ’
498 4449 520 4489 ι
560 4404 797 4518 nfirma.
836 4446 1112 4506 phoeniss.
1151 4466 1202 4502 v.
1247 4448 1349 4503 746
1387 4447 1500 4518 (ed.
1545 4445 1870 4516 Kirchhoff).

500 4539 523 4577 2
560 4535 700 4609 Epit.
741 4536 834 4595 lib.
873 4536 1090 4593 xtvm.
