3175 5109
239 541 430 631 velim
476 542 660 621 hunc,
727 541 806 605 de
856 560 978 623 quo
1037 540 1265 624 agitur,
1329 540 1558 606 librum
1604 539 1768 605 Livii
1816 544 2101 605 coactum
2150 556 2291 603 esse
2340 536 2404 601 in
2452 536 2583 620 epi-

239 651 472 709 tomen.
549 642 798 707 Deinde
851 663 990 707 cum
1039 664 1120 707 ex
1168 642 1379 707 verbis
1423 663 1542 729 „ex
1581 648 1839 708 senatus
1878 644 2162 710 consulto
2201 644 2587 710 destructum

244 752 405 834 est“,
456 757 586 814 tum
633 751 908 815 maxime
958 769 1036 814 ex
1075 749 1171 831 iis,
1218 770 1382 831 quae
1423 749 1769 815 sue-cedunt
1810 750 2243 835 „populusque
2281 751 2585 835 aliquam⁴

241 860 348 924 diu
393 866 568 923 stans
615 858 800 923 ludos
848 854 1229 941 spectavit“,
1271 858 1411 925 ‚iure
1458 877 1574 923 nos
1625 856 1927 940 colligere
1972 878 2165 941 posse
2205 864 2356 942 puto
2396 859 2585 923 etiam

241 966 508 1031 alterum
543 964 701 1029 illud
739 970 996 1030 senatus
1034 965 1383 1030 consultum
1421 964 1668 1029 Livium
1706 964 1772 1028 in
1813 964 2061 1048 perdito
2107 965 2271 1032 libro
2310 966 2587 1031 XLVIII

243 1093 547 1139 commem
555 1092 791 1139 OI‘HSSG.

452 1182 697 1261 Restat,
767 1184 836 1244 ut
893 1180 1239 1261 videamus,
1305 1179 1458 1262 quid
1504 1180 1889 1266 Augustinus
1944 1178 2090 1244 libri
2139 1178 2217 1245 de
2269 1179 2434 1244 civit.
2484 1180 2589 1247 dei

239 1289 290 1367 Ι,
342 1289 448 1369 31,
496 1288 602 1370 qui
648 1288 818 1351 idem
867 1287 1078 1370 attigit
1124 1294 1314 1369 atque
1363 1287 1580 1351 Livius
1628 1293 1692 1351 et
1738 1287 2051 1367 ValeriuS,
2098 1286 2352 1352 referat.
2430 1287 2587 1353 Cum

238 1394 572 1481 Augustini
618 1400 829 1459 autem
876 1396 1088 1460 verbis
1137 1395 1521 1461 conferenda
1568 1401 1732 1478 sunt,
1782 1414 1943 1477 quae
1985 1394 2157 1478 apud
2194 1393 2485 1460 Orosium
2523 1395 2589 1460 in

238 1503 457 1568 histor.
507 1504 934 1591 adv.-pagan.
985 1503 1096 1587 IV,
1147 1505 1252 1587 21,
1302 1506 1344 1569 4
1389 1497 1703 1591 leguntur.

238 1735 658 1849 ,AueusTmUs
707 1758 796 1800 DE
844 1755 970 1800 CIV.
1020 1758 1136 1800 DEI
1181 1759 1224 1819 1,
1271 1758 1364 1803 31:
1471 1736 1754 1802 Onosms
1802 1760 1952 1804 Anv.
1996 1760 2227 1805 PAGAN.
2272 1760 2360 1820 lv,
2410 1760 2487 1815 21,
2524 1759 2588 1804 4:

381 1878 584 1961 „Hinc
623 1878 814 1943 etiam
845 1885 1003 1960 erat,
1035 1887 1098 1943 et
1138 1899 1216 1943 ex
1244 1880 1366 1945 hac

238 1986 797 2071 providentissima
824 1986 1070 2071 patriae
1103 1988 1365 2051 caritate

235 2094 560 2173 veniebat,
587 2093 757 2175 quod
782 2093 951 2158 idem
981 2094 1119 2178 ipse
1135 2094 1366 2159 ¹vester

237 2200 524 2285 pontifex
545 2200 878 2281 maximUS,
898 2221 938 2264 a
957 2209 1180 2266 senatu
1208 2208 1364 2265 tem-

236 2307 411 2392 poris
426 2308 593 2372 illius
606 2308 798 2391 (quod
817 2328 1013 2393 saepe
1029 2308 1362 2374 dicendum

239 2415 362 2496 est)
421 2414 664 2479 electus
722 2414 860 2479 sine
920 2416 1053 2480 ulla
1113 2414 1364 2480 senten-

239 2522 464 2585 tiarum
497 2520 920 2607 discrepantia
945 2521 1041 2586 vir
1070 2523 1362 2606 optimUS‚

237 2648 504 2693 caveam
571 2628 803 2692 theatri
861 2610 1152 2719 senatum
1219 2649 1362 2694 con-

236 2742 484 2801 struere
530 2734 916 2815 molientem,
957 2736 1038 2799 ab
1078 2735 1198 2801 hac
1238 2736 1364 2801 dis-

237 2842 552 2927 positione
635 2850 700 2907 et
776 2842 1122 2926 cupiditate
1197 2865 1364 2909 com-

237 2951 520 3035 pescuit3

211 3052 678 3144 'persuasitque
757 3057 1039 3121 oratione
1122 3055 1360 3139 gravis-

237 3166 420 3246 sima,
495 3187 574 3231 ne
659 3162 973 3229 Graecam
1049 3164 1364 3229 luxuriam

239 3273 526 3337 virilibus
572 3271 816 3357 patriae
864 3272 1142 3336 moribus
1186 3278 1363 3355 pate·

239 3385 458 3446 rentur
495 3380 824 3463 obrepere,
864 3382 930 3442 et
958 3378 1043 3442 ad
1071 3377 1366 3443 virtutem

238 3484 753 3552 labefactandam
814 3485 1366 3569 enervanda-mque

239 3597 595 3659 Romanam
613 3593 986 3678 peregrinae
1013 3594 1367 3659 consentire

236 3702 582 3785 nequitiae,

241 3814 611 3889 tantumque
697 3808 1074 3873 auctoritate
1149 3808 1368 3889 valuit,

241 3920 310 3977 ut
362 3915 498 3979 eius
546 3913 762 3979 verbis
826 3921 1141 3979 commota
1189 3935 1368 3980 sena-

241 4021 408 4086 toria
480 4019 878 4105 providentia
954 4022 1143 4086 etiam
1222 4022 1368 4087 sub-

242 4127 447 4207 sellia,
496 4127 721 4210 quibus
787 4127 870 4192 ad
933 4128 1156 4193 horam
1223 4149 1366 4194 con-

243 4235 440 4320 gestis
502 4235 566 4298 in
640 4233 926 4299 ludorum
1002 4236 1368 4319 spectaculo

243 4342 370 4405 iam
417 4341 509 4406 uti
557 4340 782 4407 civitas
824 4347 1143 4425 coeperat,
1194 4342 1366 4409 dein·
1440 4405 1445 4410 .

249 4468 398 4534 ceps
442 4448 810 4534 prohiberet
859 4450 1149 4534 apponi.“

1606 2524 1890 2608 „Eodem
1952 2532 2233 2609 tempore
2296 2547 2592 2593 censores

1467 2631 1781 2695 theatrum
1872 2630 2191 2715 lapideum
2284 2632 2349 2697 in
2434 2612 2591 2698 urbe

1469 2742 1745 2805 construi
1802 2746 2196 2805 censuerunt.
2265 2740 2450 2816 Quod
2511 2762 2591 2805 ne

1467 2852 1615 2911 tunc
1661 2845 1860 2928 fieret,
1900 2846 2113 2931 Scipio
2161 2846 2396 2913 Nasica

1469 3060 1851 3147 gravissima
1958 3060 2243 3125 oratione
2350 3059 2595 3127 obstitit

1472 3167 1691 3233 dicens
1744 3167 2234 3232 inimicissimum
2290 3166 2412 3231 hoe
2457 3166 2593 3231 fore

1469 3274 1764 3339 bellatori
1801 3276 2033 3359 populo
2074 3274 2157 3339 ad
2198 3274 2593 3339 nutriendam

1472 3380 1783 3446 desidiam
1873 3381 2328 3463 lasciviamque
2426 3401 2593 3447 com-

1473 3492 1770 3570 mentum,
2254 3500 2256 3503 ‘

1473 3808 1763 3889 adeoque
1854 3807 2053 3872 movit
2117 3813 2443 3887 senatum,
2528 3814 2596 3871 ut

1472 3936 1599 3980 non
1636 3916 1839 3980 solum
1867 3915 2060 3979 vendi
2100 3915 2307 3980 omnia
2345 3915 2593 3979 theatro

1475 4029 1847 4107 comparata
1903 4021 2177 4107 iusserit,
2226 4022 2343 4088 sed
2406 4022 2594 4087 etiam

1473 4130 1779 4194 subsellia
1822 4128 1987 4194 ludis
2370 4147 2372 4149 ·

1470 4451 1619 4535 poni
1667 4449 2076 4536 prohibuerit.
2090 4451 2119 4485 “
