3175 5109
1565 385 1963 447 ..ιε-

809 572 966 641 Cum
1027 570 1128 640 his
1191 571 1421 656 Taciti,
1469 571 1552 639 (le
1626 572 1853 656 quibus
1900 575 2163 661 egimus,
2220 572 2433 640 verbis
2498 569 2935 659 componenda

590 688 736 749 sunt
773 682 946 749 haec·
969 682 1366 748 Tertullianii
1405 682 1484 748 de
1525 690 1800 768 spectac.
1843 706 1895 751 e.
1936 684 2032 748 X:
2080 682 2293 768 „initio
2332 682 2644 748 theatrum
2682 680 2935 766 proprie

591 792 935 857 sacrarium
999 791 1269 857 Veneris
1337 797 1453 857 est.
1519 792 1661 857 Hoc
1709 792 1981 875 (lenique
2019 792 2208 858 modo
2256 792 2323 855 id
2369 810 2568 877 genus
2619 790 2829 875 operis
2872 788 2937 852 in

589 900 848 966 saeculo
921 899 1143 964 evasit.
1223 898 1388 965 Nam
1454 919 1651 985 saepe
1716 920 2011 965 censores
2058 899 2382 964 nascentia
2458 918 2599 965 cum
2662 896 2935 962 maxime

590 1007 842 1072 theatra
906 1005 1319 1073 destruebant
1355 1007 1637 1072 moribus
1685 1008 2108 1090 consulentes,
2149 1027 2412 1090 quorum
2460 1006 2704 1071 scilicet
2774 1002 2937 1087 peri-

589 1115 796 1179 cnlum
857 1114 1082 1197 ingens
1149 1114 1231 1179 de
1285 1114 1555 1179 lascivia
1602 1114 2043 1198 providebant,
2112 1120 2179 1178 ut
2249 1116 2377 1179 iam
2454 1113 2596 1178 hine
2668 1111 2937 1177 ethnicis

585 1222 651 1285 in
715 1221 1140 1287 testimonium
1196 1221 1386 1287 cedat
1439 1224 1757 1287 sententia
1818 1224 2095 1307 ipsorum
2161 1222 2488 1286 nobiscum
2554 1219 2795 1285 faciens
2870 1224 2937 1281 et

581 1329 767 1395 nobis
837 1329 904 1394 in
959 1328 1524 1414 exaggerationum
1587 1328 1958 1414 disciplinae
2037 1330 2231 1395 etiam
2302 1329 2611 1393 humanae
2675 1344 2931 1411 praero-

587 1436 827 1519 gativa.
877 1439 1102 1520 Itaque
1153 1436 1494 1521 Pompeius
1541 1437 1829 1523 Magnus,
1880 1439 2018 1503 solo
2066 1436 2315 1502 theatro
2363 1456 2477 1502 suo
2522 1436 2745 1517 minor,
2793 1452 2933 1497 eum

581 1546 755 1611 illam
822 1566 1034 1611 arcem
1081 1544 1352 1610 omnium
1418 1543 1873 1629 turpitudinum
1930 1547 2371 1625 exstruxisset,
2436 1544 2675 1607 veritus
2739 1560 2933 1623 quan-

583 1652 793 1735 doque
870 1652 1214 1718 memoriae
1297 1672 1450 1717 suae
1535 1653 1887 1718 censoriam
1964 1652 2577 1717 animadversionem
2660 1648 2930 1713 Veneris

585 1759 812 1825 aedem
861 1759 1262 1847 superposuit
1311 1766 1375 1825 et
1421 1760 1506 1827 ad
1551 1759 2021 1825 dedicationem
2070 1760 2277 1825 edicto
2329 1759 2629 1843 populum
2691 1776 2931 1822 vocans

583 1887 708 1931 non
787 1868 1120 1950 theatrum,
1206 1867 1320 1934 sed
1411 1868 1671 1933 Veneris
1754 1870 2055 1953 templum
2130 1867 2537 1952 nuncupavit,
2615 1865 2711 1929 eui
2786 1865 2934 1929 sub·

583 1972 868 2058 iecimus,
963 1976 1179 2058 inquit,
1276 1972 1511 2058 gradus
1603 1976 2130 2059 spectaculorum.
2226 1975 2327 2039 Ita
2408 1974 2776 2038 damnatum
2870 1978 2935 2036 et

586 2081 1012 2147 damnandum
1106 2102 1264 2167 opus
1355 2084 1575 2167 templi
1676 2084 1857 2150 titulo
1956 2081 2277 2167 praet-exit
2368 2088 2433 2146 et
2532 2079 2934 2165 disciplinam

583 2190 1032 2274 superstitione
1081 2191 1330 2256 elusit.“

799 2323 982 2401 Quae
1046 2324 1271 2389 mirum
1332 2330 1635 2407 quantum
1702 2344 1842 2391 cum
1888 2325 2113 2391 Tacito
2172 2325 2602 2391 consentiunt:
2666 2330 2935 2406 uterque

583 2432 779 2499 refert
815 2432 1148 2498 nascentia
1184 2432 1436 2498 theatra
1473 2432 1815 2513 destructa,
1846 2440 2112 2515 uterque
2148 2453 2357 2499 mores
2394 2434 2585 2498 rebus
2620 2431 2937 2499 scaenicis

584 2540 987 2625 depravatos,
1028 2546 1290 2623 uterque
1337 2540 1654 2607 theatrum
1690 2540 1921 2606 stabile
1970 2562 2010 2605 a
2055 2540 2361 2625 Pompeio
2411 2540 2805 2606 collocatum.

796 2674 990 2756 Atqui
1054 2674 1517 2741 Tertullianum
1562 2676 1853 2742 hausisse
1902 2696 1983 2741 ex
2034 2675 2323 2743 Suetonii
2368 2674 2568 2754 libris,
2622 2674 2788 2739 hunc
2854 2696 2938 2738 ex

584 2781 866 2847 Varrone
913 2782 1068 2847 satis
1115 2783 1277 2848 inter
1322 2782 1495 2849 viros
1541 2783 1763 2850 doctos
1812 2790 2079 2849 constat.
2110 2787 2131 2830 ¹

799 2914 981 2993 Quae
1029 2936 1171 2982 cum
1216 2916 1308 2981 ita
1354 2917 1498 2999 sint,
1547 2924 1612 2981 et
1658 2918 1951 2982 Tacitum
1989 2919 2101 2983 illa
2140 2917 2378 2983 debere
2426 2916 2693 2982 Varroni
2760 2918 2938 2982 eoni-

585 3042 730 3087 cere
775 3023 943 3087 licet.
995 3023 1127 3089 Sed
1173 3045 1313 3089 cum
1362 3024 1552 3089 etiam
1588 3026 1857 3111 Augusti
1906 3031 2117 3089 aetate
2165 3046 2288 3090 non
2338 3025 2657 3103 deessent,
2714 3025 2817 3106 qui
2869 3032 2936 3089 et

583 3129 1050 3213 simplieitatem
1096 3132 1371 3215 priorum
1418 3138 1769 3217 temporum
1816 3131 2177 3213 maioribus,
2218 3152 2407 3215 quam
2454 3153 2721 3215 aequum
2771 3140 2933 3211 erat,

580 3234 874 3302 laudibus
921 3238 1219 3304 efferrent
1267 3246 1332 3303 et
1381 3240 1742 3323 aequalium
1786 3238 1972 3304 nimis
2019 3248 2379 3323 premerent
2426 3259 2565 3303 cum
2612 3239 2740 3303 alia
2776 3238 2937 3303 vitia

579 3349 712 3406 tum
757 3344 1086 3427 luxuriam,
1137 3348 1352 3411 neseio
1401 3368 1483 3411 an
1530 3366 1658 3410 non
1703 3346 1786 3411 s‘it
1824 3346 2027 3411 minus
2073 3346 2405 3430 probabile
2450 3346 2614 3410 haec
2650 3346 2932 3412 tribuere

579 3449 693 3513 tali
774 3451 1084 3535 scriptori,
1167 3453 1374 3533 qualis
1455 3453 1573 3518 fuit
1658 3453 1933 3537 exempli
2010 3455 2221 3539 gratia
2292 3454 2678 3533 Fenestella,
2754 3453 2935 3519 cuius

539 3557 662 3625 ,de
728 3576 921 3642 opere
1003 3559 1250 3643 perdito
1325 3560 1457 3647 egit
1538 3560 2071 3625 Reitzensteinius
2153 3561 2218 3624 in
2294 3559 2933 3625 commentationibus

580 3664 870 3729 Vahleno
917 3666 1119 3733 sacris
1166 3687 1225 3731 a.
1280 3668 1471 3747 1900,
1521 3687 1583 3752 p.
1634 3668 2009 3731 411—424.

795 3799 924 3864 Sed
971 3805 1110 3865 utut
1146 3820 1249 3867 res
1286 3821 1357 3866 se
1385 3801 1599 3885 habet,
1638 3801 1704 3866 id
1744 3802 1999 3886 quidem
2040 3801 2297 3867 dubium
2335 3801 2582 3866 omnino
2618 3821 2745 3867 non
2784 3821 2931 3869 esse

579 3911 810 3991 potest,
859 3908 1007 3990 quin
1054 3908 1184 3990 ille,
1236 3929 1423 3991 quem
1467 3911 1730 3976 Tacitus
1778 3918 1875 3976 est
1922 3916 2196 3994 secutuS‚
2242 3919 2465 3976 auctor
2508 3914 2654 3994 post
2698 3929 2933 3975 annum

580 4013 666 4078 55
713 4036 770 4080 a.
823 4015 969 4081 Chr.
1016 4038 1102 4099 n.,
1151 4022 1302 4083 ante
1349 4038 1581 4083 annum
1632 4018 1713 4083 13
1762 4040 1824 4084 a.
1876 4017 2022 4083 Chr.
2068 4040 2130 4082 n.
2181 4038 2338 4105 opus
2386 4038 2561 4084 suum
2608 4020 2930 4104 conserip-

793 4324 814 4361 1
854 4321 1000 4377 Unus
1059 4322 1489 4381 Noeldeehenius
1544 4324 1757 4396 (Philol.
1808 4323 1996 4396 Suppl.
2053 4322 2136 4378 Vl.
2190 4325 2245 4395 [a
2296 4325 2544 4397 1891s93]
2600 4342 2653 4399 p.
2702 4324 2932 4401 748149)

577 4404 986 4476 Tertullianum,
1054 4425 1193 4481 quae
1253 4410 1319 4464 de
1367 4410 1588 4481 Pompei
1644 4412 1857 4465 theatro
1909 4407 2147 4477 tradidit,
2219 4426 2281 4463 ex
2331 4410 2513 4465 Tacito
2570 4427 2748 4482 eoque
2806 4412 2933 4486 ipso

580 4494 873 4567 sumpsisse
911 4495 1214 4567 suspicatus
1253 4503 1351 4564 est,
1394 4493 1476 4551 vix
1516 4504 1684 4565 recte,
1726 4503 1785 4549 ut
1824 4492 2034 4565 opinor.
