3175 5109
1192 436 1587 497 ..15-

435 624 504 694 C.
545 628 624 692 21
655 649 669 691 ε
723 627 1054 712 „Pluribus
1092 626 1232 712 ipsa
1266 625 1528 692 licentia
1565 622 1887 708 placebat,
1928 642 2003 688 ae
2040 627 2257 697 tamen
2294 620 2565 693 honesta

211 728 474 802 nomina
517 736 1046 822 praetendebant.
1093 734 1369 800 Maiores
1417 752 1668 817 quoque
1713 752 1839 797 non
1914 730 2318 797 abhorruisse
2383 751 2560 816 spec-

211 845 566 910 taculorum
630 844 1111 910 oblectamentis
1175 862 1289 927 pro
1329 841 1602 923 fortuna,
1665 860 1828 923 quae
1874 845 2006 904 tum
2064 844 2220 920 erat,
2270 859 2471 922 eoque
2522 860 2563 904 a

210 951 443 1017 Tuscis
526 952 764 1018 accitos
827 946 1187 1030 h'istrioneS,
1254 971 1295 1014 a
1358 948 1613 1014 Thuriis
1681 967 1984 1031 equorum
2069 948 2434 1029 certamina,
2497 953 2562 1013 et

209 1079 513 1143 possessa
555 1059 798 1125 Achaia
841 1058 1120 1141 Asiaque
1166 1056 1350 1124 ludos
1399 1056 1675 1122 curatius
1722 1056 1949 1134 editoS‚
1998 1074 2117 1121 nec
2181 1074 2561 1139 quemquam

210 1169 458 1232 Romae
503 1167 770 1233 honesto
817 1168 958 1232 loco
1007 1172 1212 1230 ortum
1259 1165 1345 1229 ad
1392 1164 1738 1230 theatrales
1786 1169 1959 1229 artes
2046 1163 2561 1249 degeneravisse,

212 1273 505 1341 ducentis
551 1274 678 1340 iam
727 1272 907 1339 annis
955 1294 994 1337 a
1030 1272 1102 1336 L.
1151 1272 1433 1337 Mummii
1468 1270 1804 1356 triumpho,
1846 1271 1949 1354 qui
1978 1272 2217 1356 primus
2254 1270 2324 1336 id
2360 1290 2561 1353 genus

211 1381 564 1466 spectaculi
625 1382 688 1446 in
750 1382 904 1446 urbe
969 1379 1351 1465 praebuerit.
1401 1379 1535 1446 Sed
1583 1385 1648 1444 et
1696 1380 2047 1444 consultum
2111 1378 2559 1463 parsimoniae,

211 1489 386 1572 quod
450 1495 758 1575 perpetua
803 1489 992 1554 sedes
1038 1488 1288 1554 theatro
1326 1489 1539 1553 locata
1585 1487 1687 1570 sit,
1735 1488 1943 1572 potius
1992 1506 2181 1570 quam
2255 1487 2559 1552 immenso

209 1604 465 1681 sumptu
529 1598 810 1681 singulos
879 1615 994 1683 per
1039 1616 1237 1661 annos
1285 1600 1693 1679 consurgeret
1740 1614 1816 1659 ae
1881 1594 2329 1660 destrueretur.
2422 1594 2561 1661 Nee

210 1704 478 1789 perinde
545 1704 952 1788 magistratus
1013 1723 1145 1768 rem
1209 1702 1582 1768 familiarem
1648 1702 2083 1783 exhausturoS,
2150 1708 2258 1767 aut
2324 1703 2559 1786 populo

211 1810 607 1897 efflagitandi
652 1810 903 1877 Graeca
949 1810 1294 1877 certamina
1331 1831 1370 1875 a
1407 1810 1884 1894 magistratibus
1923 1829 2180 1875 causam
2219 1808 2377 1893 fore,
2419 1830 2559 1875 eum

212 1938 290 1982 eo
339 1924 589 2003 sumptu
637 1938 740 1985 res
786 1919 1041 2003 publiea
1087 1916 1403 2002 fungatur.
1493 1916 1830 1983 Oratorum
1878 1938 1957 1983 ae
1994 1922 2210 1982 vatum
2258 1916 2557 1983 victorias

208 2027 686 2091 incitamentum
732 2026 999 2109 ingeniis
1047 2025 1390 2108 allaturas3
1437 2045 1556 2091 nec
1596 2026 1886 2107 cuiquam
1914 2024 2107 2090 iudici
2138 2045 2335 2111 grave
2373 2045 2558 2091 aures

208 2132 436 2199 studiis
499 2131 781 2198 honestis
847 2138 911 2197 et
955 2133 1388 2218 voluptatibus
1438 2132 1759 2199 concessis
1830 2132 2173 2217 impertire.
2240 2132 2561 2199 Laetitiae

211 2240 422 2325 magis
486 2260 673 2322 quam
735 2240 1040 2305 lasciviae
1086 2239 1226 2304 dari
1282 2259 1519 2325 paucas
1584 2239 1776 2305 totius
1838 2238 2243 2322 quinquennii
2308 2246 2553 2322 nocteS,

209 2347 439 2430 quibus
487 2352 666 2412 tanta
709 2347 852 2410 luce
897 2345 1133 2429 ignium
1179 2345 1333 2411 nihil
1379 2346 1668 2410 illicitum
1733 2346 2039 2412 occultari
2102 2353 2313 2429 queat.
2382 2348 2553 2413 Sane

206 2454 381 2519 nullo
447 2453 677 2537 insigni
743 2451 1303 2517 dehonestamento
1365 2451 1434 2516 id
1479 2455 1915 2537 spectaculum
1978 2453 2264 2534 transiit,
2330 2475 2408 2519 ac
2472 2474 2554 2520 ne

204 2559 460 2625 modica
505 2560 760 2642 quidem
806 2559 1017 2626 studia
1061 2561 1268 2646 plebis
1316 2581 1634 2645 exarsere,
1683 2563 1833 2645 quia
1896 2563 2127 2628 redditi
2177 2584 2553 2646 quamquam

202 2686 479 2733 scaenae
555 2660 922 2753 pantomimi
1004 2668 1451 2734 certaminibus
1527 2671 1727 2735 sacris
1793 2670 2307 2755 prohibebantur.
2401 2671 2557 2735 Elo-

204 2774 504 2856 quentiae
566 2774 802 2858 primas
849 2794 1036 2840 ncmo
1085 2777 1245 2858 tulit,
1294 2776 1414 2842 sed
1459 2775 1768 2842 victorem
1818 2796 1961 2842 esse
2010 2776 2352 2844 Caesarem
2412 2799 2553 2863 pro-

200 2881 574 2947 nuntiatum.
626 2880 857 2948 Graeci
904 2882 1188 2971 amictus,
1237 2884 1375 2966 quis
1423 2904 1536 2968 per
1575 2904 1687 2949 eos
1735 2883 1871 2949 dies
1919 2884 2203 2969 plerique
2277 2884 2551 2951 incesse·

197 2994 364 3070 rant,
403 2995 536 3053 tum
575 2989 1046 3055 exoleverunt.“

381 3096 562 3160 Haec
610 3115 750 3162 eum
797 3096 1026 3181 partim
1073 3100 1153 3183 (c.
1207 3097 1319 3179 20)
1382 3117 1598 3162 eorum
1644 3101 1789 3184 sint,
1857 3098 1962 3181 qui
2028 3105 2347 3165 certamen
2395 3100 2553 3166 illud

199 3203 669 3285 quinquennale
716 3204 957 3291 Neroni
1004 3203 1240 3269 dabant
1287 3205 1548 3286 crimini,
1597 3206 1827 3291 partim
1876 3227 2092 3273 eorum
2139 3211 2217 3289 (c.
2258 3208 2396 3292 21),
2447 3208 2566 3290 qui·

198 3309 406 3374 minus
450 3330 672 3375 severe
730 3311 812 3375 de
869 3331 945 3377 eo
993 3312 1464 3393 existimabant,
1525 3319 1793 3397 utraque
1852 3314 1935 3379 ad
1983 3313 2167 3381 ludos
2213 3336 2253 3379 a
2297 3314 2551 3381 Nerone

196 3414 521 3481 institutos
568 3422 877 3502 spectant.
1144 3489 1149 3495 ,

379 3523 580 3589 Alteri
622 3543 731 3589 cur
767 3524 1176 3590 vehementer
1212 3528 1274 3589 in
1314 3525 1631 3591 Neronem
1668 3510 2135 3610 inveherentur,
2184 3528 2550 3613 Pompeium

198 3628 636 3713 proferebant,
721 3632 826 3714 qui
898 3631 1146 3697 theatro
1215 3633 1414 3717 primo
1491 3633 1844 3719 eodemque
1916 3636 2135 3701 stabili
2209 3635 2549 3701 aedificato

200 3736 439 3802 crimen
488 3737 772 3803 luxuriae
821 3737 1249 3821 lasciviaeque
1305 3760 1431 3806 non
1488 3742 1834 3829 effugisset.
1893 3744 2117 3827 Neque
2174 3746 2378 3809 minus
2425 3745 2548 3810 Ne-

197 3844 360 3925 roni,
385 3844 492 3927 qui
521 3844 774 3927 quidem
804 3846 1115 3911 theatrum
1153 3868 1277 3913 non
1307 3849 1743 3931 exstruxisset,
1770 3852 1783 3891 ¹
1823 3851 2159 3935 opprobrio
2191 3870 2335 3916 esse
2363 3851 2550 3916 ludos

195 3950 362 4033 illos,
409 3951 692 4018 Neronia
739 3971 900 4035 quae
949 3954 1237 4019 dicuntur
1285 3956 1651 4021 certamina.
1735 3958 1917 4023 Haec
1960 3958 2137 4023 nulla
2191 3978 2258 4022 re
2310 3963 2551 4023 mutata

195 4056 507 4123 translata
551 4059 815 4125 Romam
865 4080 947 4125 ex
997 4060 1274 4127 Graecia
1328 4068 1460 4127 tum
1506 4064 1773 4147 primum
1833 4066 1895 4128 in
1944 4064 2199 4149 publico
2247 4065 2425 4131 edita
2470 4087 2550 4130 ea

412 4378 434 4417 ²
473 4374 682 4431 Nullum
741 4376 881 4429 enim
936 4392 1070 4448 opus
1127 4377 1195 4431 ab
1255 4379 1359 4431 hoc
1407 4376 1606 4433 sactum
1660 4384 2087 4438 commemorant
2137 4398 2317 4437 rerum
2372 4382 2546 4456 serip-

198 4467 343 4513 tores
381 4460 486 4515 nisi
521 4460 859 4531 gymnasium
903 4460 1203 4531 quoddam3
1260 4461 1325 4517 cf.
1367 4461 1460 4516 Dio
1500 4464 1587 4531 61,
1630 4463 1725 4529 12;
1770 4463 1969 4519 Sueten
2008 4466 2278 4532 er0123
2330 4467 2545 4521 Tacitus

201 4560 246 4601 c.
289 4544 378 4601 20.
