3175 5109
1595 457 1675 470 ..
1758 423 1993 483 14.-

619 615 994 684 mollitiam1
1055 634 1193 682 cum
1254 612 1685 682 instrumentis
1728 612 2016 677 luxuriae
2064 610 2353 696 eiectam,
2402 609 2673 694 denique
2720 628 2969 677 omnem

621 725 1138 813 peregrinitatem
1188 742 1328 789 cum
1375 720 1727 809 peregrinis
1772 720 2053 787 funditus
2108 742 2397 789 eversam
2451 740 2601 808 pars
2655 719 2974 803 quaedam

621 835 897 901 virorum
941 832 1244 899 nobilium
1293 831 1574 897 volebat.
1604 835 1631 876 ‘2

835 942 1016 1020 Quae
1078 961 1218 1005 cum
1283 940 1375 1005 ita
1420 940 1566 1024 sint,
1616 938 1965 1004 Ritschelio
2032 937 2197 1005 adeo
2248 959 2373 1005 non
2442 941 2840 1021 assentimur,
2906 946 2975 1005 ut

625 1050 982 1134 „subsellia
1027 1049 1358 1134 posuisse“
1405 1046 1573 1113 idem
1623 1046 1977 1133 significare
2028 1052 2219 1130 atque
2268 1068 2425 1114 axes
2486 1048 2829 1131 trabesque
2892 1048 2977 1113 ad

631 1157 982 1225 sedendum
1020 1157 1197 1221 faeta
1243 1156 1639 1221 exstruxisse
1686 1153 1976 1221 velimus.

841 1267 975 1331 Iam
1014 1285 1168 1331 vero
1216 1261 1567 1346 videamus,
1618 1262 1769 1345 quid
1816 1282 1894 1327 ex
1933 1262 2140 1328 Taciti
2189 1265 2399 1331 annal.
2440 1265 2617 1350 XIV,
2658 1266 2746 1331 20
2786 1271 2850 1332 et
2887 1267 2966 1329 21

621 1374 741 1439 hae
781 1371 862 1439 de
900 1394 969 1439 re
1010 1371 1298 1437 concludi
1336 1370 1559 1457 possit.
1600 1370 1730 1437 Ubi
1765 1369 1927 1435 haec
1972 1370 2300 1454 leguntur:
2350 1373 2648 1457 „Nerone
2686 1380 2979 1457 quartum

625 1480 918 1547 Cornelio
967 1480 1170 1546 Cosso
1219 1479 1580 1545 consulibus
1620 1477 2088 1561 quinquennale
2134 1476 2441 1545 ludicrum
2488 1481 2733 1546 Romae
2797 1480 2979 1547 insti-

623 1596 824 1658 tutum
871 1594 969 1655 est
1015 1589 1099 1652 ad
1146 1607 1384 1653 morem
1424 1585 1653 1651 Graeci
1702 1585 2080 1670 certaminis,
2126 1584 2307 1650 varia
2372 1585 2561 1669 fama,
2634 1594 2705 1653 ut
2752 1596 2979 1654 cuncta

625 1698 826 1763 ferme
863 1718 1053 1763 nova.
1104 1695 1354 1780 Quippe
1385 1698 1586 1773 erant,
1628 1692 1734 1774 qui
1764 1692 1877 1759 Cn.
1926 1712 2176 1776 quoque
2214 1694 2587 1779 Pompeium
2623 1696 2977 1761 incusatum

627 1826 668 1869 a
727 1804 1080 1871 senioribus
1147 1803 1405 1881 ferrent,
1456 1799 1626 1882 quod
1670 1818 2030 1865 mansuram
2068 1800 2301 1865 theatri
2347 1801 2565 1868 sedem
2637 1804 2974 1887 posuisset.

627 1911 792 1977 Nam
861 1918 1049 1975 antea
1115 1908 1435 1974 subitariis
1501 1905 1803 1991 gradibus
1870 1913 1933 1971 et
2005 1928 2241 1974 scaena
2302 1909 2365 1973 in
2430 1915 2677 1995 tempus
2738 1916 2979 1976 structa

628 2018 814 2083 ludos
878 2016 984 2082 edi
1056 2016 1312 2081 solitos:
1361 2013 1463 2078 vel
1511 2014 1564 2079 si
1614 2014 1967 2080 vetustiora
2011 2021 2287 2099 repetas,
2355 2022 2629 2083 stantem
2676 2018 2976 2103 populum

627 2124 1043 2208 spectavisse,
1089 2142 1192 2203 ne,
1243 2124 1296 2188 si
1345 2121 1724 2203 consideret,
1790 2123 2036 2189 theatro
2087 2122 2227 2189 dies
2262 2110 2442 2190 ‘totos
2500 2124 2761 2211 ignavia
2826 2146 2977 2192 con-

630 2234 922 2297 tinuaret.
978 2230 1499 2314 Spectaculorum
1538 2229 1793 2313 quidem
1842 2230 2183 2313 antiquitas
2230 2238 2615 2309 servaretur,
2684 2232 3007 2315 quotiens·

631 2345 960 2424 praetores
1023 2338 1309 2420 ederent,
1364 2337 1540 2402 nulla
1607 2337 1901 2420 cuiquam
1948 2337 2179 2404 civium
2224 2341 2607 2405 necessitate
2673 2340 2977 2407 certandi.

635 2447 930 2513 Ceterum
1014 2445 1290 2513 abolitos
1337 2444 1644 2529 paulatim
1688 2446 1930 2531 patrios
1989 2466 2195 2513 mores
2260 2445 2539 2514 funditus
2585 2448 2787 2514 everti
2866 2445 2981 2532 per

637 2554 908 2621 accitam
973 2552 1325 2632 lasciviam,
1387 2557 1474 2634 ut,
1533 2552 1701 2634 quod
1758 2573 2020 2637 usquam
2088 2554 2399 2637 corrumpi
2466 2561 2531 2619 et
2586 2574 2987 2640 corrumpere

637 2668 848 2746 queat,
898 2661 960 2725 in
1007 2660 1162 2725 urbe
1209 2659 1468 2741 visatur,
1520 2660 1995 2745 degeneretque
2041 2660 2267 2727 studiis
2316 2662 2593 2726 externis
2667 2661 2984 2745 iuventuS,

637 2768 970 2854 gymnasia
1035 2773 1100 2832 et
1182 2768 1315 2833 otia
1381 2775 1445 2833 et
1524 2775 1740 2853 turpes
1807 2788 2055 2835 amores
2121 2768 2501 2855 exercendo,
2565 2769 2846 2855 principe
2924 2775 2989 2834 et

637 2882 860 2943 senatu
926 2876 1312 2957 auctoribus,
1381 2876 1486 2958 qui
1535 2897 1661 2941 non
1723 2876 1912 2943 modo
1961 2876 2283 2942 licentiam
2332 2875 2502 2942 vitiis
2566 2876 2986 2962 permiserint,

638 2983 752 3050 sed
816 2985 946 3049 vim
1011 2982 1376 3065 adhibeant,
1426 2988 1494 3046 ut
1557 3003 1856 3067 proceres
1914 2984 2180 3050 Romani
2245 2983 2460 3069 specie
2525 2984 2873 3051 orationum
2923 2991 2988 3049 et

643 3090 984 3157 carminum
1031 3111 1268 3157 scaena
1313 3089 1697 3177 polluantur.
1794 3090 1960 3168 Quid
2007 3110 2365 3177 superesse,
2413 3092 2533 3158 nisi
2594 3097 2663 3157 ut
2724 3112 2991 3182 corpora

641 3217 890 3280 quoque
927 3198 1167 3263 nudent
1213 3204 1279 3263 et
1325 3203 1576 3264 caestus
1625 3196 1957 3264 adsumant
2005 3217 2241 3281 easque
2288 3218 2539 3284 pugnas
2602 3221 2717 3284 pro
2764 3200 2991 3264 militia

643 3312 707 3369 et
771 3305 961 3371 armis
1027 3306 1462 3371 meditentur?
1554 3305 1654 3369 An
1718 3304 2019 3398 iustitiam
2088 3312 2340 3371 auctum
2404 3307 2481 3371 iri
2548 3314 2613 3372 et
2697 3306 2988 3372 decurias

643 3412 920 3496 equitum
960 3414 1285 3499 egregium
1341 3411 1664 3478 iudicandi
1708 3431 1930 3478 munus
1980 3414 2367 3496 expleturos,
2416 3413 2469 3478 si
2514 3413 2750 3479 fractos
2797 3433 2989 3479 sonos

642 3525 708 3585 et
773 3519 1171 3588 dulcedinem
1218 3540 1443 3587 vocum
1492 3522 1699 3607 perite
1748 3521 2129 3587 audissent?
2177 3523 2419 3589 Noctes
2482 3542 2731 3605 quoque
2797 3521 2991 3588 dede·

645 3630 775 3694 cori
837 3627 1141 3710 adiectas,
1206 3648 1287 3694 ne
1335 3629 1501 3713 quod
1549 3637 1800 3715 tempus
1847 3630 2074 3715 pudori
2147 3630 2559 3713 relinquatur,
2622 3629 2741 3695 sed
2805 3637 2991 3697 coetu

644 3736 984 3821 promisc0,
1042 3735 1211 3818 quod
1276 3736 1739 3819 perditissimus
1804 3738 2070 3820 quisque
2135 3758 2251 3823 per
2311 3737 2477 3802 diem
2542 3737 2991 3843 concupiverit,

643 3863 759 3927 per
805 3844 1106 3909 tenebras
1152 3842 1408 3907 audeat.
1421 3844 1452 3878 ‘⁴

860 4107 881 4145 ¹
921 4102 1070 4159 Hanc
1120 4102 1446 4159 Graecorum
1514 4101 1821 4169 mollitiam,
1890 4102 1958 4157 de
2017 4119 2124 4175 qua
2174 4101 2349 4197 Scipio
2400 4100 2593 4156 Nasica
2645 4098 2831 4156 consul
2883 4107 2991 4155 tam

644 4166 881 4261 graviter
918 4187 1258 4256 dehortatur,
1301 4188 1368 4243 ad
1406 4186 1587 4254 sellaS‚
1641 4203 1774 4258 quas
1812 4194 2148 4259 spectatores
2187 4187 2287 4259 ipsi
2326 4202 2506 4241 secum
2548 4186 2814 4255 tulissent,
2856 4186 2994 4241 rese-

647 4271 870 4329 rendam
911 4288 1030 4327 esse
1067 4271 1357 4328 verisimile
1394 4288 1501 4328 non
1541 4278 1643 4339 est,
1693 4270 1857 4325 immo
1897 4269 1966 4325 ad
2018 4273 2289 4326 theatrum
2340 4269 2612 4325 subselliis
2648 4270 2991 4327 instructum.

647 4357 856 4416 Etenim
895 4356 1085 4413 Graeci
1125 4357 1546 4438 προσκεφάλαια
1604 4372 1787 4411 secum
1842 4355 1911 4410 ad
1951 4354 2106 4410 ludos
2144 4353 2462 4421 afferebant,
2512 4355 2708 4428 quihus
2745 4355 2902 4411 sedes
2938 4355 2994 4409 in

646 4444 905 4515 gradibus
942 4442 1168 4515 lapideis
1206 4450 1419 4514 paratas
1458 4439 1855 4494 commodiores
1884 4438 2195 4507 redderent,
2236 4452 2344 4492 non
2386 4437 2566 4495 sellas,

862 4544 888 4582 2
923 4538 998 4595 Ct.
1035 4536 1314 4611 Augustini
1355 4552 1438 4604 ea,
1482 4552 1620 4608 quae
1660 4535 2068 4606 subsequuntur
2104 4536 2175 4606 (e.
2206 4534 2357 4589 XXXI
2398 4543 2654 4603 extrema,
2697 4535 2922 4608 XXXII).
2997 4612 3003 4618 -
