3175 5109
1263 376 1659 434 ...51-

292 570 515 647 tamus,
593 564 905 629 artissime
967 563 1131 629 intcr
1190 584 1260 630 se
1323 564 1682 630 cohaerent.
1764 565 2020 629 Etenim
2078 564 2277 629 verba
2324 563 2435 639 illa
2482 564 2633 632 nibil

290 673 464 738 aliud
508 671 866 757 significare
902 680 1168 757 possunt
1211 672 1331 738 nisi
1369 672 1523 737 hoc:
1576 678 2053 759 „argumentum
2099 671 2234 737 sive
2274 670 2495 738 fabula
2531 672 2633 739 hic

288 779 326 845 i.
370 799 425 843 e.
488 778 554 844 in
611 779 860 846 theatro
911 779 1330 847 censebitur-st
1406 780 1490 845 Et
1547 779 1760 845 verbis
1830 800 1985 862 „vos
2050 779 2362 846 iuratores
2436 780 2628 847 estis“

286 888 474 971 plane
514 889 957 972 comprobatur
995 910 1034 953 a
1070 888 1537 974 spectatoribus
1568 906 1827 955 censum
1864 887 1988 973 agi,
2028 887 2271 953 scilicet
2304 888 2370 953 in
2410 907 2631 955 cavea.

285 996 384 1059 Ex
428 994 604 1061 hisce
649 995 779 1059 iam
825 1002 1094 1080 apparet
1140 997 1341 1062 verba
1397 995 1737 1061 interiecta
1788 996 2004 1079 „locus
2065 1002 2436 1081 argumento
2482 1015 2633 1063 suos

285 1102 467 1167 sibist
511 1104 995 1187 proscaenium“
1049 1102 1386 1169 referenda
1445 1123 1588 1169 esse
1648 1102 1730 1168 ad
1784 1109 2210 1187 spectatorum
2274 1102 2353 1167 de
2410 1102 2634 1172 fabula

283 1209 602 1293 iudicium,
665 1230 819 1294 ergo
886 1211 970 1277 ad
1036 1198 1321 1277 caveam.
1387 1211 1720 1279 Ritschelii
1781 1216 1993 1277 autem
2056 1210 2417 1296 explicatio,
2446 1214 2467 1248 ¹
2524 1211 2632 1294 qui

211 1334 218 1344 ·
281 1323 540 1401 poetam
593 1319 731 1383 vult
785 1316 884 1383 his
931 1320 1145 1385 verbis
1203 1320 1597 1404 expressisse
1646 1325 2105 1403 argumentum,
2153 1324 2221 1383 ut
2278 1324 2631 1400 censeatur,

283 1444 396 1503 suo
443 1424 829 1509 proprioque
877 1426 1018 1491 loco
1067 1445 1229 1510 esse,
1278 1426 1318 1490 i.
1353 1445 1428 1507 e.
1476 1427 1550 1509 in·
1602 1446 1855 1506 scaena,
1912 1424 2170 1511 probari
2223 1445 2350 1489 non
2395 1431 2627 1510 potest,

283 1532 580 1614 quoniam
612 1552 754 1599 cum
783 1532 865 1597 ad
894 1534 1090 1598 verba
1125 1539 1604 1621 „argumentum
1640 1532 1761 1599 hoc
1787 1533 1891 1597 hic
1928 1533 2351 1616 censebitur“,
2383 1539 2516 1598 tum
2545 1534 2631 1599 ad

283 1638 480 1703 verba
529 1659 684 1721 „vos
728 1640 1037 1705 iuratores
1075 1641 1267 1705 estis“
1320 1645 1585 1722 utraque
1626 1640 1708 1706 ad
1760 1658 2025 1705 caveam
2061 1639 2198 1731 sive
2234 1644 2630 1725 spectatores

281 1746 638 1829 spectantia
672 1768 799 1811 non
837 1746 1123 1830 quadrat.
1165 1748 1484 1813 Ponamus
1522 1753 1737 1813 autem
1776 1747 2298 1831 „proscaenium“
2342 1765 2485 1811 esse
2525 1766 2628 1811 ca·
2696 1760 2705 1767 ·

280 1873 497 1918 veam:
538 1854 742 1918 oratio
780 1852 971 1939 plane
1015 1854 1304 1939 procedit
1339 1874 1544 1937 neque
1585 1874 1794 1920 rerum
1834 1859 2167 1920 contextus
2203 1853 2627 1937 perturbatur.

491 1961 574 2024 Et
622 1958 678 2025 si
722 1958 937 2043 plures
984 1950 1401 2025 enarrationis
1449 1965 1512 2023 et
1560 1978 1786 2025 census
1832 1956 2273 2023 similitudines
2320 1976 2625 2041 quaerere

277 2067 488 2149 liccat,
575 2064 854 2131 censoris
915 2066 1115 2151 ipsius
1180 2086 1440 2131 munere
1500 2065 1605 2132 hic
1662 2064 1944 2151 fungitur
2002 2063 2228 2130 aedilis
2297 2064 2362 2128 in
2428 2085 2629 2131 eavea

278 2174 530 2258 sedens,
581 2193 722 2237 cum
769 2173 1093 2239 adiutores
1143 2174 1276 2240 cius
1321 2173 1715 2255 ministrique
1765 2175 1891 2239 sint
1937 2178 2332 2258 spectatores
2377 2173 2622 2258 reliqui,

274 2281 315 2345 i.
357 2302 413 2347 e.
459 2280 786 2363 iuratores,
839 2281 944 2364 qui
988 2282 1238 2367 prologi
1283 2282 1560 2347 rationes
1606 2281 1989 2363 fabulaeque
2036 2281 2373 2365 accipiunt.

487 2388 906 2455 Necessariae
952 2388 1143 2472 igitur
1188 2409 1314 2453 non
1361 2389 1679 2472 videntur,
1719 2389 1773 2455 si
1808 2388 1977 2454 hanc
2012 2388 2226 2481 ⁸verbo
2274 2388 2626 2474 argumenti

274 2495 404 2559 vim
467 2496 732 2559 subesse
797 2515 989 2581 posse
1055 2496 1388 2576 concedes,
1459 2502 1568 2562 aut
1612 2496 1917 2563 Schoellii
1978 2496 2341 2561 coniectura
2408 2496 2624 2579 „locus

276 2601 616 2668 arbiterio“
665 2601 1000 2667 scribentis
1039 2609 1148 2668 aut
1183 2624 1349 2685 mea,
1399 2624 1524 2686 qua
1570 2605 1913 2669 iuratorum
1961 2623 2182 2668 munus
2228 2603 2625 2687 respiciens2

273 2730 350 2775 ac
402 2709 616 2792 „locus
663 2709 1118 2776 aestumando“
1169 2730 1531 2796 proponens
1580 2731 1829 2777 versum
1892 2710 2229 2777 restituere
2284 2730 2385 2776 me
2431 2730 2623 2795 posse

273 2815 425 2881 olim
471 2816 865 2902 suspicabar.
902 2821 928 2863 3

275 3004 432 3011 *-

486 3126 507 3163 ¹
548 3125 720 3182 Cuius
759 3125 922 3181 verba
973 3126 1088 3197 ipsa
1138 3125 1220 3179 hic
1273 3126 1462 3180 afferre
1517 3125 1646 3179 mihi
1696 3125 1884 3181 liceat:
1960 3131 2103 3181 cDes
2138 3128 2376 3182 stactes
2416 3127 2621 3182 Inhalt

265 3212 430 3267 we'rd
457 3212 618 3281 jetzc
657 3210 786 3264 scier
813 3209 1118 3281 qlee'elaewe‘e
1149 3211 1340 3265 durch
1369 3214 1533 3265 einch
1566 3209 1920 3281 formle'ehen
1949 3214 2169 3266 Census
2206 3211 2575 3283 abqeschcitzl

268 3315 368 3351 um
423 3297 580 3351 deese
625 3295 1006 3366 Vorstellunq
1056 3294 1264 3366 fassen
1313 3312 1392 3350 zu
1430 3302 1667 3364 konnen,
1701 3340 1714 3353 .
1746 3338 1761 3351 .
1791 3339 1804 3351 .
1868 3300 1943 3350 ist
2002 3298 2099 3351 cle'e
2139 3298 2619 3368 Inlectllsanzee'ye

267 3387 417 3446 hier,
481 3398 573 3435 wo
621 3385 703 3435 sie
740 3382 882 3435 eben
921 3398 1036 3436 von
1071 3385 1189 3436 mir
1247 3390 1647 3453 vot-qetrayen
1690 3382 1930 3437 werden
1966 3381 2101 3447 soll,
2168 3382 2227 3438 d.
2257 3387 2295 3439 τ’.
2335 3380 2460 3453 auf
2485 3383 2618 3437 dem.

219 3533 224 3537 α
266 3465 660 3538 proscaenium,
701 3465 966 3536 (welches-
1001 3466 1312 3523 natiirle‘clc
1351 3470 1509 3521 nieht
1539 3467 1917 3521 verschieden
1952 3484 2078 3521 com
2108 3467 2423 3539 pulpitum),
2454 3483 2615 3538 qauz

267 3568 348 3607 an
387 3550 575 3606 [brem
615 3556 850 3606 rechten
894 3556 1088 3609 orte.-

476 3680 501 3719 2
537 3676 863 3733 Mommscno
903 3678 1085 3745 nixuS,
1139 3678 1231 3749 qui
1285 3678 1338 3732 in
1388 3695 1556 3733 censu
1599 3678 1835 3734 Romano
1885 3694 2139 3733 censores
2192 3676 2247 3731 in
2298 3677 2413 3748 ipsa
2454 3678 2615 3733 aesti-

265 3763 496 3818 matione
547 3778 724 3817 rerum
765 3763 1208 3833 fortunarumque
1262 3764 1474 3817 adiutos
1523 3779 1647 3818 csse
1701 3763 1767 3817 ab
1818 3761 2139 3817 iuratoribus
2189 3762 2495 3832 suspicatus
2534 3771 2615 3817 est

266 3849 319 3903 in
365 3848 495 3903 ·iur.
535 3847 680 3919 publ.
719 3847 942 3904 Rom.»³
982 3848 1085 3904 vol.
1125 3848 1218 3913 ΙΙΙ,
1260 3865 1313 3919 p.
1353 3849 1400 3916 1,
1453 3864 1542 3919 pg.
1585 3851 1717 3905 391:
1785 3851 1920 3903 oDc'e
1966 3847 2402 3919 Abscleettzunq,
2454 3850 2614 3904 aesti-

263 3932 447 3997 matio,
504 3933 630 4000 (des
667 3932 1078 3988 deklarierten
1117 3934 1318 4004 Gules)
1375 3932 1631 4005 erfolyte
1682 3938 1963 3991 zumiclzst
2012 3932 2203 3988 durch
2251 3934 2367 3988 den
2404 3932 2613 3989 Deleta-

265 4023 484 4073 ranlen
513 4015 711 4084 selbst,
753 4016 937 4071 wobee‘
975 4017 1072 4072 die
1112 4018 1244 4072 clem
1275 4020 1502 4073 Censor
1538 4036 1654 4073 zm·
1676 4021 1826 4073 See'te
1864 4018 2174 4073 stelzenden
2202 4021 2613 4076 Ee'nscl1wi57·er

264 4100 574 4170 (iuratores)
631 4100 980 4156 ver-mulliela
1038 4106 1188 4157 noch
1240 4106 1407 4158 einen
1463 4102 1819 4158 bes-omicren
1875 4101 2277 4173 Ges'cihrcleee‘d
2324 4120 2439 4158 von
2496 4108 2613 4159 ihm

265 4185 585 4256 verlanqen
625 4189 931 4241 honnten.»

475 4311 500 4350 3
537 4307 724 4362 Paullo
775 4309 928 4364 aliter
966 4310 1408 4366 ReitzensteInius
1447 4312 1683 4367 Leonem
1738 4319 1956 4368 secutus
1997 4312 2158 4367 verba
2205 4311 2399 4367 tradita
2450 4314 2611 4367 inter-

262 4393 460 4466 pretari
498 4400 756 4450 conatur:
821 4394 924 4448 iam
966 4396 1056 4449 ubi
1098 4411 1292 4450 nomen
1341 4396 1649 4451 comoediae
1699 4397 1804 4466 dat,
1860 4397 2056 4452 deinde
2112 4397 2201 4451 ubi
2241 4397 2393 4453 addit
2434 4415 2609 4453 «nune

263 4479 498 4534 rationes
547 4484 752 4533 ceteras
807 4479 1084 4551 accipite»,
1141 4481 1512 4551 sollemnibuS,
1563 4498 1701 4554 quae
1750 4484 1805 4539 in
1842 4498 2007 4538 censu
2046 4480 2389 4552 adhibentur,
2430 4482 2608 4539 verbis
