3175 5109
1523 389 1925 447 -52-

769 578 1016 655 Restat,
1059 582 1126 640 ut
1161 580 1510 641 statuamus
1547 575 1799 642 duobus
1832 575 1991 643 loeis
2027 572 2337 641 Plautinis
2376 573 2901 660 „proscaeniui“

555 705 702 765 non,
751 690 820 748 ut
865 683 1256 751 consuetudo
1301 684 1603 767 loquitur,
1666 702 1967 750 scaenam
2014 680 2397 768 significare,
2453 681 2569 749 sed
2616 702 2903 768 caveam,

557 792 708 876 quia
750 813 867 878 pro
912 812 1150 859 scaena
1195 798 1354 858 erat.

767 926 995 1009 Neque
1040 946 1194 992 vero
1239 924 1360 990 hoc
1405 924 1625 990 mirum
1664 924 2111 1010 propriumque
2150 924 2543 990 Graecorum
2580 931 2646 990 et
2672 926 2901 991 Roma-

553 1054 777 1099 norum
825 1042 954 1115 θεῖς
1019 1035 1252 1101 etenim
1299 1052 1382 1097 ex
1429 1033 1723 1100 omnibus
1771 1033 1910 1097 fere
1954 1032 2189 1115 linguis
2236 1034 2533 1118 exempla
2575 1032 2709 1117 peti
2756 1052 2903 1118 pos-

549 1148 714 1222 sunt,
762 1141 989 1224 quibus
1035 1142 1441 1225 comprobem
1488 1141 1688 1205 verba
1734 1139 2117 1223 alienigena,
2166 1139 2550 1221 simulatque
2595 1141 2665 1204 in
2708 1141 2905 1205 aliam

549 1232 835 1333 lingua-m
872 1248 1253 1330 transierint,
1293 1254 1597 1333 separata
1635 1268 1674 1311 a
1710 1248 1920 1332 patria
1958 1246 2043 1311 ad
2080 1267 2312 1312 novam
2350 1246 2603 1312 dicendi
2640 1267 2907 1314 consue-

549 1356 832 1422 tudinem
879 1354 1300 1439 accomodari,
1367 1356 1516 1439 quin
1582 1355 1774 1421 etiam
1838 1354 1923 1439 vi,
1974 1372 2139 1437 quae
2198 1360 2390 1419 antea
2452 1354 2631 1421 iniis
2676 1356 2904 1438 inerat,
2970 1356 2979 1363 ’

551 1470 797 1529 mutata
857 1463 1171 1528 interdum
1227 1463 1635 1528 reviviscere.
1730 1460 1827 1527 Cf.
1876 1461 2031 1544 quid
2088 1460 2445 1547 significent
2498 1461 2659 1527 haee·
2705 1464 2907 1529 verba

550 1570 723 1657 apud
770 1570 1247 1653 Francogassoe,
1309 1569 1415 1652 qui
1461 1576 1787 1653 vocantur,
1857 1568 2009 1652 quid
2072 1568 2243 1653 apud
2289 1589 2429 1650 nos,
2493 1569 2599 1653 qui
2646 1570 2729 1635 ab
2774 1570 2907 1639 inin

551 1698 631 1743 ea
677 1678 1065 1763 recepimus:

759 1820 1049 1898 parterre
1097 1812 1268 1899 (nosz
1315 1813 1754 1901 Erdqeschoss)
1810 1850 1881 1860 -
1933 1812 2519 1897 rez-de-chaussee,

759 1920 1035 2003 jalousie
1084 1925 1248 2003 (ηυδε
1299 1921 1779 2002 Sommerladen)
1825 1920 2185 2006 persienne,

763 2027 1006 2112 parade
1053 2032 1226 2110 (nosz
1273 2028 1739 2115 Best'chtiyuny)
1777 2068 1862 2076 —
1901 2048 2119 2110 revue,

764 2154 996 2221 perron
1044 2139 1217 2221 (nosz
1264 2138 1630 2223 Bahnstei9)
1678 2175 1765 2186 —
1812 2134 1979 2219 quai.

553 2437 720 2489 utitur
769 2436 1021 2507 prologus
1069 2436 1161 2505 (cf.
1200 2436 1348 2491 Trin.
1391 2436 1498 2491 878
1547 2452 1777 2491 ucensus
1824 2452 1947 2490 cum
1997 2452 2138 2503 sum,
2182 2436 2398 2491 iuratori
2452 2443 2593 2491 recte
2641 2436 2901 2492 rationem

551 2522 722 2591 dedi).
760 2520 912 2587 Quod
946 2526 1004 2574 ut
1033 2520 1285 2592 explicet,
1327 2521 1504 2577 addit:
1555 2536 1711 2575 enam
1752 2527 2127 2591 argumentum
2169 2520 2269 2575 hoc
2306 2524 2397 2574 Ιιίο
2437 2521 2759 2590 censebitur,
2800 2540 2903 2577 vos

552 2605 814 2661 iuratores
851 2605 1052 2675 estis»;
1107 2604 1340 2676 lepida-m
1387 2612 1566 2660 autem
1615 2605 1905 2675 imaginem
1952 2604 2208 2677 explanat
2256 2604 2465 2662 verbis:
2526 2606 2707 2661 fabula
2756 2607 2901 2661 enim

552 2706 656 2744 non
699 2690 754 2743 in
791 2706 998 2761 campo,
1039 2689 1134 2745 scd
1173 2693 1286 2753 hic,
1329 2689 1380 2743 id
1421 2696 1519 2757 est,
1559 2690 1661 2745 hoc
1700 2690 1814 2745 loco
1854 2694 2121 2757 censetur,
2164 2690 2314 2744 loeus
2353 2696 2669 2759 argumento
2699 2690 2903 2744 scilicet

551 2770 845 2835 censendo,
887 2786 1046 2823 suum
1090 2768 1190 2823 sibi
1231 2763 1470 2839 θέατρον
1515 2777 1617 2826 est.
1664 2772 1769 2825 eDe
1795 2769 2233 2837 scaena-,utillo
2266 2770 2391 2825 mihi
2426 2769 2628 2835 scribit,
2656 2770 2903 2837 -cogitari

550 2866 658 2905 non
695 2865 857 2921 posse
895 2848 1024 2903 mihi
1065 2849 1284 2920 quidem
1315 2850 1607 2921 probavisti
1636 2865 1812 2921 neque
1842 2849 1997 2905 aliter
2052 2843 2297 2919 θέατρον
2340 2850 2509 2921 accipi
2550 2850 2707 2905 velim
2738 2866 2904 2921 quam

551 2934 618 2989 de
658 2932 924 2989 auditorio
963 2934 1048 2990 vel
1087 2933 1423 2989 auditoribus
1487 2935 1550 2987 In
1588 2950 1842 3005 campum
1881 2933 2102 2989 disertis
2157 2932 2335 2989 verbis
2384 2940 2618 3003 vocatur,
2678 2934 2769 3004 qui
2808 2941 2904 2989 aut

552 3019 668 3089 ipsc
706 3025 960 3073 consetur
998 3025 1088 3073 aut
1126 3035 1220 3090 pro
1249 3018 1356 3073 alio
1389 3017 1623 3073 rationes
1662 3016 1842 3073 reddit
1880 3017 1973 3087 (ef.
2007 3018 2179 3074 Varro
2219 3019 2287 3073 dc
2318 3018 2352 3073 l.
2382 3017 2473 3073 lat.
2503 3018 2596 3086 VI,
2642 3020 2730 3085 86,
2784 3019 2895 3087 92),

553 3108 708 3173 poeta
746 3108 838 3157 aut
878 3101 1057 3157 fabula
1100 3102 1273 3158 locum
1316 3103 1512 3158 babent
1553 3116 1711 3157 suum
1754 3102 1855 3157 sibi
1888 3102 2281 3175 proscaenium,
2315 3102 2369 3156 in
2399 3119 2525 3172 quc,
2558 3102 2649 3173 qni
2681 3102 2900 3171 adsunt,

551 3202 740 3241 omnes
779 3186 1041 3243 iuratores
1081 3194 1207 3243 sunt
1245 3188 1476 3258 ideoque
1516 3188 1755 3241 animum
1795 3186 1997 3243 debent
2035 3187 2331 3243 attendere.
2378 3187 2459 3241 Ita
2497 3186 2541 3239 si
2580 3202 2693 3241 rem
2731 3186 2902 3259 expli-

551 3268 710 3329 cariS.
753 3269 914 3324 etiam
953 3270 1130 3342 ipsum
1169 3272 1419 3328 Plautum
1458 3289 1582 3327 cum
1622 3272 1898 3327 comoedia
1952 3288 2049 3327 sua
2098 3277 2153 3327 in
2191 3288 2417 3327 censum
2457 3271 2633 3327 vocari
2672 3272 2902 3327 fortasse

553 3352 719 3408 Leoni
758 3355 1072 3410 concedesn-
1411 3352 1418 3359 '
