3175 5109
1547 380 1945 444 ..1ss-

571 562 712 656 ipsa
749 563 831 637 de
871 591 1062 640 causa
1101 572 1434 639 offensioni
1472 580 1671 659 erant,
1719 574 1887 658 quod
1928 594 2127 662 genus
2166 572 2485 641 ducebant
2513 595 2553 639 a
2584 572 2869 641 Graecis,
2896 574 2919 613 ¹

461 716 469 723 -
571 680 820 744 Etenim
867 680 1048 746 simul
1095 680 1344 747 luxuria
1389 682 1729 767 peregrina
1788 688 1980 764 atque
2029 704 2270 750 morum
2321 673 2685 768 corruptio,
2719 682 2923 748 omnis

572 786 843 871 denique
904 790 1042 853 lues
1089 789 1151 855 in
1199 790 1503 874 populum
1550 791 1901 855 Romanum
1964 791 2146 873 quasi
2191 792 2469 875 irrepere
2516 790 2926 855 videbatur.‘-’

569 896 888 961 Luxuriae
967 902 1180 960 autem
1257 895 1602 963 inservisse
1686 898 1879 962 etiam
1946 898 2317 982 Pompeium
2382 897 2700 979 dicebant,
2762 916 2925 962 cum

571 1004 811 1087 primus
856 1003 1089 1069 theatri
1136 1024 1294 1087 opus
1355 1004 1677 1088 lapideum
1738 1006 2201 1071 collocavisset.
2292 1005 2433 1069 Hoc
2478 1012 2595 1088 est,
2660 1025 2769 1070 cur
2822 1005 2927 1069 bis

573 1112 710 1176 eius
754 1110 865 1175 fiat
912 1112 1016 1177 hic
1062 1112 1316 1175 mentio.
1394 1112 1647 1176 Etenim
1685 1118 1831 1177 ante
1870 1112 2005 1177 eius
2044 1118 2322 1177 aetatem
2360 1112 2649 1178 subitarii
2686 1111 2925 1195 gradus

569 1238 686 1303 per
733 1222 931 1284 annos
979 1218 1263 1302 singulos
1311 1220 1777 1302 consurgebant
1824 1240 1901 1283 ac
1940 1219 2497 1301 destruebantur,3
2542 1219 2689 1301 quin
2726 1219 2923 1283 multo

572 1332 765 1389 antea
807 1325 1197 1407 aliquamdiu
1227 1332 1422 1391 stans
1466 1328 1735 1411 populus
1782 1328 2117 1411 spectabat
2163 1327 2371 1407 ludoS,
2422 1346 2566 1413 „ne,
2613 1326 2666 1390 si
2714 1325 2925 1390 consi-

572 1428 774 1518 deret,
839 1434 1085 1498 theatro
1147 1433 1285 1499 dies
1350 1438 1518 1498 totos
1577 1434 1837 1516 ignavia
1902 1434 2361 1499 continuaret.“
2388 1438 2415 1478 4
2479 1433 2612 1499 Sed
2658 1431 2923 1513 antiqua

572 1540 685 1605 illa
732 1540 1124 1625 spectacula,
1186 1540 1420 1624 quippe
1479 1559 1646 1623 quae
1693 1540 1939 1605 aboleri
1985 1561 2111 1607 non
2158 1548 2441 1626 possent,
2504 1538 2923 1622 relinquenda

573 1648 869 1713 dixerunt
913 1649 1030 1712 viri
1067 1649 1162 1713 illi
1201 1647 1462 1733 antiqui,
1506 1648 1734 1730 quibus
1779 1655 1991 1713 tamen
2029 1669 2215 1715 nemo
2254 1650 2573 1714 Romanus
2608 1650 2921 1713 interesse

577 1762 928 1839 cogeretur.
1022 1756 1208 1821 Nova
1287 1776 1559 1841 agonum
1626 1777 1867 1839 genera
1930 1759 2198 1822 Romam
2260 1778 2343 1823 ne
2406 1754 2919 1834 transferrentur,

573 1863 820 1945 quibus,
868 1863 1246 1947 praesertim
1285 1864 1560 1943 musiciS,
1610 1864 2053 1929 adolescentes
2099 1871 2165 1928 ut
2201 1864 2601 1943 interessent,
2647 1860 2767 1945 ipsi
2806 1860 2922 1925 eli-

573 1976 886 2035 cerentur.
979 1970 1162 2035 Nunc
1226 1970 1391 2035 enim
1456 1970 1539 2035 ad
1599 1970 1897 2051 musicos,
1972 1992 2120 2035 mox
2191 1970 2385 2035 etiam
2444 1970 2528 2035 ad
2590 1968 2919 2053 gymnicos

500 2108 505 2113 ·
579 2097 823 2163 agonas
864 2096 976 2142 eos
1015 2076 1433 2143 descensuros
1469 2078 1840 2162 patriosque
1878 2098 2086 2143 mores
2115 2078 2365 2163 penitus
2402 2078 2715 2163 perituros
2754 2095 2917 2141 csse.

784 2184 1006 2266 Alteri,
1054 2184 1160 2267 qui
1206 2205 1245 2249 a
1280 2184 1534 2251 Nerone
1583 2191 1845 2265 starent,
1892 2204 1974 2249 ne
2018 2185 2290 2251 maiores
2336 2185 2592 2268 quidem
2628 2182 2918 2249 ludorum

575 2291 1049 2357 oblectamenta
1112 2292 1524 2377 opponebant
1584 2311 1844 2375 prorsus
1907 2292 2365 2377 repudiavisse,
2437 2292 2557 2357 sed
2616 2298 2917 2375 quantum

573 2405 706 2463 tum
751 2406 1034 2483 possent,
1102 2400 1410 2465 accivisse
1459 2420 1500 2463 a
1544 2400 1771 2465 Tuscis
1818 2399 2175 2480 histriones,
2243 2420 2282 2463 a
2318 2398 2573 2464 Thuriis
2618 2416 2919 2479 equorum

577 2506 945 2587 certamina,
1028 2506 1276 2572 Achaia
1333 2508 1615 2589 Asiaque
1680 2526 1979 2591 possessa
2035 2506 2219 2573 ludos
2282 2506 2558 2572 edidisse
2625 2504 2919 2571 curatius

573 2616 710 2679 Iam
769 2614 922 2696 quid
969 2614 1091 2680 sibi
1137 2614 1292 2679 velit
1335 2614 1494 2679 illud
1545 2614 1931 2698 „curatius“,
1995 2615 2335 2696 quaeritur.
2413 2612 2597 2691 Quod
2650 2631 2791 2676 cum
2837 2610 2922 2675 ad

573 2721 879 2787 maiorem
926 2722 1216 2787 ludorum
1278 2720 1863 2807 magnificentiam5
1920 2727 2211 2805 spectare
2258 2720 2408 2785 mihi
2457 2720 2726 2799 videtur,
2792 2724 2923 2781 tum

574 2827 658 2893 ad
703 2829 1053 2894 novitatem
1099 2829 1392 2893 ludorum
1441 2848 1765 2915 generum,
1823 2848 1989 2909 quae
2036 2829 2117 2894 ab
2168 2828 2310 2893 aliis
2355 2827 2627 2912 populis,
2677 2824 2923 2904 TusciS‚

576 2935 852 3019 ThuriiS,
893 2937 1166 3018 denique
1205 2956 1246 3000 a
1282 2934 1550 3001 Graecis
1587 2934 1741 3019 ipsis
1782 2941 1963 2999 crant
1990 2936 2257 2999 Romam
2294 2934 2624 2999 translata.
2666 2932 2922 2997 Minime

575 3062 728 3107 vero
795 3042 874 3108 de
941 3042 1414 3108 commodiore6
1475 3042 1706 3109 theatri
1767 3048 2083 3107 structura
2144 3041 2249 3105 hic
2304 3040 2513 3127 agitur
2576 3058 2781 3120 neque
2844 3036 2924 3101 de

575 3150 878 3234 temporis
924 3157 1266 3229 moment0,
1324 3168 1451 3230 quo
1498 3148 1633 3213 ludi
1681 3149 1955 3215 curatius
2002 3148 2127 3212 sint
2176 3147 2347 3227 editi,
2392 3133 2580 3212 immo
2628 3145 2708 3210 de
2756 3145 2924 3211 ludis

579 3274 923 3339 eorumque
972 3257 1312 3340 generibus
1361 3256 1675 3323 universe.
2196 3235 2206 3245 ’
2572 3270 2577 3274 ’

787 3500 808 3537 ¹
849 3494 924 3551 Cf.
962 3494 1164 3550 Sueton
1214 3494 1338 3550 Ner.
1379 3494 1473 3550 12:
1521 3493 1787 3549 «Instituit
1824 3502 1880 3549 et
1928 3493 2329 3566 quinquennale
2383 3501 2657 3549 certamen
2714 3492 2923 3565 primus

577 3579 815 3635 omnium
845 3580 1045 3636 Romae
1083 3594 1235 3633 more
1266 3578 1468 3633 Graeco
1509 3576 1724 3651 triplex,
1764 3578 2051 3646 musicum,
2092 3578 2419 3650 gymnicum,
2463 3587 2735 3651 equestre,
2783 3578 2926 3649 quod

576 3662 866 3735 appellavit
893 3661 1125 3718 Neronia
1152 3681 1200 3729 ς»
1232 3661 1301 3716 cf.
1333 3662 1460 3717 Tac.
1490 3661 1591 3716 201
1634 3662 2066 3735 «quinquennale
2096 3661 2360 3717 ludicrum
2394 3662 2592 3717 Romae
2626 3662 2927 3717 institutum

576 3755 657 3800 est
695 3745 759 3801 ad
801 3761 1008 3800 morem
1047 3745 1237 3801 Graeci
1277 3745 1609 3815 certaminiS,
1652 3746 1800 3800 vatia
1836 3745 1995 3813 sama,
2053 3754 2111 3801 ut
2151 3742 2342 3801 cuncta
2379 3745 2554 3801 ferme
2592 3762 2781 3801 nova.»

787 3847 812 3885 2
851 3844 1020 3899 Antea
1071 3845 1399 3899 Graecorum
1458 3843 1752 3899 certamina
1808 3852 1866 3899 ut
1927 3843 2199 3898 subsiciva
2263 3860 2294 3897 a
2345 3841 2545 3915 populo
2598 3842 2745 3898 haud
2803 3859 2925 3898 raro

577 3928 1025 4001 efflagitabantur.
1066 3926 1140 3983 Cf.
1182 3927 1494 3999 Mommsen,
1533 3929 1660 3984 hist.
1704 3928 1851 3985 Rom.
1891 3928 1973 3996 111,
2025 3928 2149 3984 269.
2188 3928 2355 3984 Tacit.
2395 3944 2439 3981 c.
2480 3927 2565 3983 ⁶21.

787 4030 812 4069 3
851 4025 925 4081 cf.
964 4026 1132 4081 Tacit.
1174 4044 1218 4081 c.
1260 4026 1348 4083 2¹.
1393 4080 1404 4088 ,

787 4128 815 4166 4
853 4124 908 4182 P.
947 4122 1253 4179 Cornelium
1294 4124 1600 4196 Scipionem
1640 4124 1882 4179 Nasicam
1923 4121 1977 4175 in
2017 4130 2207 4176 senatu
2244 4121 2507 4177 ferentem
2548 4122 2735 4177 audire
2774 4122 2929 4177 nobis

578 4208 857 4265 videmur:
909 4218 996 4264 «ut
1035 4208 1242 4263 scilicet
1295 4207 1601 4263 remissioni
1656 4206 1960 4261 animorum
2016 4206 2197 4261 iuncta
2236 4206 2415 4263 standi
2452 4206 2675 4263 virilitas
2716 4208 2932 4279 propria

577 4292 750 4365 gentis
787 4291 1069 4349 Romanae
1099 4301 1296 4349 esset».
1339 4292 1533 4363 (Valer.
1573 4290 1705 4346 Max.
1746 4290 1811 4358 11,
1856 4291 1907 4356 4,
1949 4289 2029 4357 2.)

790 4394 816 4433 5
854 4374 1137 4448 (Σΐ.’Τειείῐ.
1178 4408 1222 4446 c.
1262 4390 1321 4445 21
1357 4410 1368 4444 :
1415 4406 1546 4463 «pro
1585 4389 1823 4457 fortuna,
1865 4404 2004 4461 quae
2044 4397 2157 4442 tum
2196 4397 2361 4445 erat.-

790 4493 815 4531 6
854 4488 1004 4551 Quod
1046 4489 1346 4562 suspicatus
1384 4498 1463 4543 est
1505 4487 1827 4541 Bitschclius
1868 4488 1902 4542 l.
1943 4503 1989 4541 c.
2028 4503 2084 4559 p.
2123 4486 2247 4542 228.
