3175 5109
1183 414 1576 471 -27-

420 598 554 666 Sed
618 604 686 664 ut
735 599 901 665 unde
967 598 1258 683 digressa
1305 607 1422 682 est,
1473 620 1550 665 eo
1598 598 1823 665 redeat
1870 597 2092 679 oratio,
2156 603 2555 664 transeamus

204 706 292 772 ad
338 707 606 771 alterum
649 707 878 789 locum,
927 707 1033 791 qui
1077 705 1312 791 legitur
1348 706 1518 793 apud
1555 707 1805 772 Livium
1841 706 2152 787 XXXIV,
2192 706 2299 789 54,
2338 710 2403 770 et
2431 723 2556 786 quo

207 814 292 878 ab
358 819 618 879 auctore
662 815 828 881 haec
891 813 975 880 sit
1018 814 1329 899 profecta,
1397 814 1748 881 videamus.
1812 814 1909 881 Ac
1970 815 2238 898 primum
2303 810 2558 895 quidem

209 922 602 985 enuntiatum
675 922 1070 1005 „Megalesia
1132 921 1315 989 ludos
1381 921 1711 989 scaenicos
1774 922 1847 986 L.
1914 919 2142 986 Atilius
2224 920 2556 1001 Serranus,

207 1026 278 1091 L.
327 1026 698 1093 Scribonius
762 1027 923 1095 Libo
987 1029 1234 1096 aediles
1293 1030 1542 1096 curules
1601 1027 1784 1113 primi
1847 1026 2175 1094 fecerunt“
2224 1048 2264 1091 a
2328 1027 2557 1093 ceteris

207 1133 682 1222 segregandum
748 1134 1035 1219 videtur3
1118 1136 1237 1203 sed
1309 1136 1578 1202 alterum
1659 1136 1922 1222 „horum
1998 1133 2297 1200 aedilium
2369 1134 2557 1200 ludos

209 1242 531 1307 Romanos
590 1242 855 1326 primum
920 1250 1184 1309 senatus
1247 1265 1288 1309 a
1345 1244 1580 1330 populo
1647 1249 1931 1309 secretus
1994 1242 2310 1327 spectavit
2370 1262 2558 1325 prae-

207 1349 468 1433 buitque
515 1369 838 1416 sermones
883 1398 899 1415 .
947 1398 964 1415 .
1015 1352 1071 1414 .“
1126 1350 1604 1431 cuidebeatur,
1652 1349 1780 1416 alia.
1825 1355 1923 1416 est
1969 1350 2324 1431 quaestio.1

425 1455 863 1523 Conferendus
919 1462 1026 1523 est
1088 1458 1398 1526 Asconius
1465 1462 1962 1540 commentator3
2042 1455 2145 1523 hic
2208 1455 2294 1521 ad
2356 1456 2556 1522 verba

209 1563 556 1647 CiceroniS‚
621 1583 786 1646 quae
851 1563 1140 1631 fuerunt:
1239 1565 1348 1649 „P.
1414 1563 1747 1631 Africanus
1812 1563 1919 1630 ille
1966 1564 2253 1649 superior
2327 1562 2555 1629 dicitur

205 1691 332 1735 non
399 1656 601 1737 solum
661 1694 702 1737 a
763 1671 1246 1757 sapientissimis
1293 1672 1673 1754 hominibus,
1721 1670 1827 1755 qui
1890 1679 2021 1736 tum
2088 1675 2291 1750 erant,
2337 1689 2558 1737 verum

208 1778 401 1844 etiam
449 1800 489 1843 a
535 1797 606 1844 se
652 1777 793 1863 ipso
839 1798 1033 1864 saepe
1081 1787 1413 1845 accusatus
1461 1800 1627 1860 esse,
1677 1780 1867 1863 quod,
1918 1799 2057 1845 cum
2105 1778 2324 1845 consul
2388 1783 2560 1843 esset

209 1905 350 1951 cum
397 1885 498 1950 Ti.
554 1886 798 1969 Longo,
837 1906 1064 1972 passus
1104 1894 1274 1954 esset
1337 1894 1469 1953 tum
1513 1888 1782 1973 primum
1830 1910 1870 1955 a
1917 1888 2210 1975 populari
2256 1906 2558 1954 consessu

208 1992 532 2059 senatoria
587 1993 892 2061 subsellia
951 1995 1305 2079 separari“‚
1354 1996 1475 2062 hoc
1522 1995 1873 2062 adnotat2:
1927 1997 2103 2080 „Hoc
2166 1995 2400 2062 factum
2460 2000 2559 2061 est

208 2100 493 2166 secundo
532 2089 865 2167 consulatu
891 2102 1208 2186 Scipionis
1244 2108 1390 2187 post
1429 2104 1763 2188 septimum
1793 2123 2044 2188 annum,
2074 2123 2262 2185 quam
2294 2101 2557 2168 Cartha-

207 2207 602 2295 giniensibus
648 2208 821 2275 bello
870 2208 1151 2275 secundo
1201 2209 1354 2276 data
1401 2217 1498 2277 est
1543 2231 1692 2295 pax.
1742 2211 2010 2276 Factum
2046 2210 2115 2275 id
2155 2228 2295 2276 esse
2344 2214 2557 2273 autem

208 2314 434 2380 Antias
495 2314 688 2380 tradit
734 2316 902 2382 ludis
949 2318 1252 2383 Romanis
1298 2337 1457 2394 quos
1503 2316 1790 2383 fecerunt
1837 2318 2081 2384 aediles
2130 2317 2379 2383 curules
2427 2315 2555 2401 (O.)

207 2421 440 2487 Atilius
503 2423 832 2506 Serranus,
879 2424 953 2489 L.
1004 2425 1368 2491 Scribonius
1416 2424 1599 2512 Libo,
1668 2431 1733 2491 et
1794 2424 1862 2491 id
1923 2446 2035 2491 eos
2090 2425 2319 2491 secisse
2380 2423 2553 2490 iussu

211 2548 543 2595 censorum
590 2530 742 2597 Sex.
790 2530 934 2598 Aeli
978 2533 1183 2615 Paeti,
1232 2531 1300 2599 C.
1351 2533 1606 2599 Corneli
1656 2532 1942 2618 Cetegi.“

203 2794 319 2852 fuit.
374 2794 451 2851 Eo
501 2794 634 2852 nihil
673 2795 893 2868 dignum
935 2797 1196 2854 memoria
1235 2806 1435 2866 actum,
1467 2798 1568 2853 nisi
1614 2797 1759 2871 quod
1800 2797 1946 2870 pacis
1984 2795 2147 2852 deum
2183 2797 2556 2869 exposcendae

207 2896 372 2934 causa
391 2879 551 2935 tertio
571 2888 682 2936 tum
709 2891 828 2952 post
850 2882 1120 2938 conditam
1142 2884 1332 2938 urbem
1353 2880 1741 2938 lectisternium
1764 2882 1879 2937 fuit.
1904 2881 2108 2937 Etcum
2126 2880 2319 2937 -ludi
2340 2896 2556 2953 quoque

207 2963 442 3019 scaenici
470 2992 535 3001 —
564 2964 798 3022 instituti
835 2966 1119 3022 dicuntur»
1151 2977 1274 3023 cett.
1315 2966 1461 3022 Haec
1490 2966 1710 3040 quidem
1749 2967 1879 3038 ipsis
1908 2962 2106 3021 tabulis
2136 2963 2240 3020 illis
2270 2964 2559 3021 tribuenda

206 3048 337 3103 mihi
366 3064 484 3103 esse
511 3047 781 3107 videntur.
814 3052 880 3106 At
909 3068 994 3112 ea,
1029 3067 1168 3122 quae
1198 3052 1515 3118 succedunt,
1550 3058 1826 3107 «ceterum
1856 3065 2023 3122 parva
2052 3065 2268 3121 quoque
2286 3073 2408 3115 -ι,
2434 3066 2558 3104 cum

206 3132 274 3187 ad
315 3129 474 3188 ludos
511 3132 790 3205 paullatim
835 3136 1076 3193 excultos
1119 3138 1441 3210 pertineant,
1475 3137 1728 3211 scriptori
1763 3138 1975 3194 cuidam
2014 3135 2172 3192 docto
2202 3135 2332 3209 quin
2360 3135 2560 3193 debeat

206 3216 384 3271 Livius
413 3233 523 3275 non
554 3226 635 3273 est
673 3220 916 3289 dubium,
956 3222 1103 3278 velut
1145 3222 1394 3288 Varroni,
1425 3223 1519 3296 qui
1558 3224 1614 3278 in
1651 3222 1805 3277 libris
1836 3222 1903 3277 de
1935 3220 2236 3294 originibus
2272 3222 2555 3291 scaeniciS,

204 3299 271 3356 de
302 3301 438 3357 actis
469 3302 747 3370 scaeniciS,
781 3304 848 3359 de
879 3306 1142 3363 scaenicis
1172 3307 1476 3363 actionibus
1505 3306 1651 3362 haud
1682 3306 1793 3362 scio
1824 3323 1892 3361 an
1924 3304 2051 3361 talia
2084 3305 2339 3377 tetigerit.

417 3384 553 3441 Tum
585 3384 832 3443 conferas
860 3389 1020 3444 velim
1046 3391 1150 3461 XL,
1175 3393 1233 3448 5¹
1252 3437 1264 3461 ,
1291 3391 1383 3446 ubi
1416 3407 1702 3446 censorum
1732 3390 1860 3446 anni
1889 3389 1992 3444 179
2019 3406 2067 3448 a.
2095 3389 2220 3447 Chr.
2241 3406 2294 3446 n.
2326 3389 2557 3445 comitiis

201 3470 406 3526 habitis
449 3486 617 3543 opera
656 3471 947 3545 unicuique
987 3475 1248 3531 attributa
1287 3484 1677 3530 enumerantur
1717 3484 1775 3529 et
1799 3473 2063 3545 Lepidum
2106 3488 2387 3530 censorem
2430 3489 2555 3528 cum

203 3555 311 3611 alia
339 3565 453 3613 tum
485 3559 757 3612 theatrum
788 3556 994 3613 locasse
1025 3559 1202 3615 Livius
1230 3560 1458 3615 rettulit.
1491 3558 1671 3614 Verba
1699 3560 1819 3631 ipsa
1857 3558 1925 3614 cf.
1960 3557 2016 3614 in
2046 3574 2099 3631 p.
2138 3557 2225 3613 25.
2274 3557 2386 3613 lam
2416 3574 2556 3631 quae

200 3638 459 3779 llisglpntur
493 3639 621 3712 XLI,
651 3640 719 3698 27
749 3640 835 3712 (cf.
867 3659 920 3716 p.
954 3642 1064 3715 26),
1111 3660 1208 3699 cur
1237 3660 1266 3700 e
1306 3642 1503 3700 tabulis
1531 3643 1638 3699 illis
1668 3652 1883 3716 sumpta
1911 3658 2019 3699 non
2049 3658 2167 3697 esse
2198 3650 2402 3713 putem,
2447 3658 2556 3698 non

245 3740 274 3778 a
317 3740 401 3781 ec.
2023 3752 2029 3759 ·

422 3822 444 3859 1
483 3821 596 3881 Hoc
623 3821 945 3896 Madvigium
981 3840 1092 3881 non
1129 3824 1332 3898 effugit,
1374 3827 1466 3898 qui
1506 3826 1562 3882 in
1602 3842 1787 3897 opusc.
1818 3825 1971 3883 acad.
2010 3824 2194 3893 (1834)
2237 3840 2287 3896 p.
2329 3824 2434 3880 103
2473 3842 2555 3899 sq.

206 3906 260 3963 in
295 3908 478 3964 adnot.
515 3907 715 3976 locum,
757 3908 826 3965 de
863 3927 970 3982 quo
1009 3910 1207 3982 agitur,
1251 3910 1568 3983 temptabat,
1621 3920 1675 3966 et
1713 3910 1923 3965 sedium
1960 3908 2107 3964 illam
2145 3917 2460 3963 senatorum
2503 3918 2558 3966 et

207 3990 380 4063 plebis
411 3992 467 4046 in
497 3991 708 4049 theatro
739 3995 1097 4051 secretionem
1129 4010 1161 4050 a
1189 3994 1399 4051 Valerio
1429 3996 1642 4051 Antiate
1680 4006 1734 4051 et
1763 4010 1795 4050 a
1822 3993 1967 4048 Livio
2008 4000 2155 4047 recte
2195 3992 2251 4047 in
2280 3992 2420 4049 ludis
2450 3992 2555 4048 Ro-

210 4076 379 4133 manis
413 4077 611 4132 factam
653 4076 811 4145 tradi,
864 4078 960 4134 sed
1007 4086 1228 4151 propter
1278 4077 1649 4135 celebritatem
1700 4076 2084 4151 Megalensium
2129 4076 2290 4131 huius
2341 4075 2467 4131 anni
2525 4094 2557 4133 a

208 4160 464 4231 Cicerone
492 4160 548 4216 in
578 4177 656 4217 or.
692 4162 760 4218 de
790 4161 908 4217 har.
945 4177 1086 4235 resp.
1120 4180 1167 4220 c.
1203 4163 1269 4219 12
1299 4173 1356 4219 et
1387 4162 1593 4220 Valerio
1628 4162 1853 4218 Maximo
1881 4161 1919 4217 l.
1948 4178 1994 4216 c.
2016 4158 2084 4214 ad
2114 4174 2207 4214 eos
2238 4157 2555 4215 translatam

208 4260 324 4300 esse
355 4245 614 4301 concecit.
645 4246 746 4302 Sed
776 4246 1062 4319 quominus
1090 4246 1350 4321 Madvigio
1382 4246 1700 4320 adstipuler‚
1726 4247 1927 4312 obstat,
1949 4262 2018 4300 ne
2040 4242 2141 4298 sim
2162 4242 2381 4311 multus,
2410 4244 2556 4313 quod

210 4346 317 4386 non
356 4329 616 4387 tolluntur
657 4330 997 4387 difficultates
1033 4347 1238 4390 omnes,
1297 4332 1555 4403 Strictim,
1600 4340 1659 4387 ut
1696 4330 2003 4404 postulabat
2031 4329 2199 4400 locuS,
2234 4346 2349 4388 rem
2386 4330 2558 4403 attigit

208 4412 534 4472 Ribbeckius
565 4414 619 4469 in
650 4415 966 4486 «tragoedia
993 4414 1292 4481 Romana·,
1327 4433 1375 4488 p.
1405 4416 1532 4473 648.

421 4515 446 4555 2
482 4511 544 4569 ln
573 4511 928 4569 cornelianae
961 4512 1307 4570 enarratione
1346 4513 1607 4570 orationis
1637 4514 1745 4585 (ed.
1775 4511 2309 4585 Kiessling-Schoell,
2357 4528 2409 4586 p.
2447 4514 2556 4584 613.
