3175 5109
1541 384 1937 443 -54-

569 569 822 660 quales
869 569 1150 656 suerint
1188 568 1444 639 Plauti
1493 572 1722 639 aelate
1770 574 2203 658 exponatur,
2272 574 2336 639 et
2394 592 2575 661 quae
2632 573 2717 639 de
2766 573 2921 641 illis

567 693 996 764 Ritschelius
1043 696 1124 762 in
1173 695 1520 783 Pareryis
1567 695 1946 764 Plautinis
1998 719 2073 783 p.
2124 694 2532 765 909—238
2578 698 2923 765 disseruit

569 824 1108 903 examinentur,
1180 820 1628 887 commentatio
1691 828 1823 886 tum
1885 820 2038 886 mihi
2104 816 2463 907 conscripta
2536 825 2617 888 ab
2694 824 2921 891 eodem

569 948 789 1013 ordine
855 946 1267 1031 amplissimo,
1345 966 1470 1029 qua
1528 953 1627 1013 est
1684 946 2099 1033 benignitate,
2174 949 2457 1033 praemio
2518 955 2617 1014 est
2678 956 2920 1015 ornata.

566 1072 812 1139 Eadem
875 1092 1041 1137 novo
1097 1072 1306 1137 studio
1366 1078 1713 1138 retraetata
1778 1078 1843 1137 et
1907 1079 2115 1157 aucta,
2183 1092 2373 1155 quam
2437 1073 2731 1159 inscripsi
2794 1074 2922 1139 iam

573 1198 1022 1283 „quaestiones
1069 1198 1404 1265 scae-nicae
1451 1197 1852 1282 Plautinae·‘,
1922 1198 2005 1263 ad
2070 1218 2347 1265 summos
2409 1200 2473 1263 in
2518 1199 2925 1284 philosophia

568 1325 842 1391 honores
912 1324 1352 1410 impetrandos
1429 1324 1654 1389 iterum
1720 1323 2051 1409 proposita
2132 1323 2435 1405 eiusdem,
2512 1344 2699 1407 quem
2766 1324 2921 1410 dixi,

571 1450 806 1517 ordinis
857 1471 982 1515 non
1031 1450 1232 1515 caruit
1280 1469 1613 1516 consensu.

782 1592 1028 1674 Restat,
1076 1596 1145 1653 ut
1190 1588 1431 1674 gratias
1479 1609 1667 1673 agam
1714 1608 1870 1670 quas
1919 1587 2126 1655 debeo
2184 1608 2371 1670 quam
2421 1590 2732 1656 maximas
2779 1609 2924 1656 oum

570 1716 858 1782 omnibus
895 1714 1422 1800 praeceptoribus
1459 1714 1619 1779 meis
1659 1715 1895 1799 optime
1930 1713 2017 1777 ‘de
2054 1734 2155 1778 me
2195 1714 2436 1779 meritis
2464 1719 2594 1779 tum
2625 1714 2923 1781 Reitzen-

569 1840 818 1923 steinio‚
886 1842 1007 1924 qui·
1037 1858 1236 1927 opera
1294 1847 1358 1906 et
1419 1840 1699 1906 consiliis
1746 1840 1808 1905 in
1866 1840 2325 1906 conscribenda
2370 1840 2493 1907 hae
2540 1846 2922 1905 commenta-

568 1969 742 2034 tione
789 1966 1240 2055 benignissime
1285 1987 1386 2032 me
1433 1966 1695 2033 adiuvit.

737 4571 891 4611 Druck
916 4582 1005 4611 von
1033 4572 1234 4622 Hei-tzor,
1259 4572 1429 4616 Hubert
1455 4568 1493 4610 &
1524 4572 1715 4621 Fritseh‚
1741 4571 2012 4621 Strassburg2
2039 4570 2451 4619 Kinderspielgasse
2478 4569 2544 4608 20.
2572 4586 2625 4596 —
2656 4566 2757 4607 1732
