3175 5109
1531 430 1931 485 „24-

557 616 880 700 superiore
967 617 1167 682 verba
1249 615 1621 699 simpliciter
1700 614 2081 699 procedunt,
2164 617 2307 681 loco
2396 614 2697 681 inferiore
2778 638 2903 683 non

559 730 776 789 carent
825 730 962 787 arte
1009 722 1282 805 quadam
1327 723 1662 788 rhetorica.

771 829 1059 912 Accedit,
1107 829 1279 910 quod
1333 848 1631 894 numerus
1688 850 2014 909 annorum,
2062 831 2169 912 qui
2228 832 2293 894 in
2340 830 2506 894 Livii
2551 831 2660 912 34,
2708 831 2797 894 54
2844 837 2907 894 et

560 937 802 1004 Valerii
857 935 1118 1001 Maximi
1181 937 1270 1015 11,
1317 938 1384 1018 4,
1432 937 1474 999 3
1521 937 1878 1018 exhibetur,
1936 937 2059 1023 „ad
2098 938 2671 1023 quingentesimum
2730 938 2903 1018 quin·

559 1044 994 1129 quagesimum
1043 1050 1336 1111 octavum
1383 1046 1683 1124 annum“‚
1736 1064 1891 1128 „per
1936 1045 2315 1130 quingentos
2352 1053 2419 1109 et
2456 1046 2909 1130 quinquaginta

559 1161 624 1217 et
682 1152 865 1218 octo“
931 1171 1075 1216 eum
1131 1152 1362 1217 ceteris
1417 1152 1584 1215 Livii
1630 1152 1983 1217 rationibus
2040 1172 2167 1216 non
2230 1153 2547 1233 convenit,
2605 1152 2671 1216 id
2736 1152 2907 1236 quod

558 1261 984 1325 Mommsenus
1039 1258 1102 1322 in
1159 1258 1323 1323 libro
1381 1258 1488 1339 qui
1534 1259 1898 1324 inscribitur
1964 1260 2103 1342 „die
2168 1261 2459 1324 riiom'sche
2512 1259 2905 1347 Clu-onoque'e

557 1370 648 1433 bis
707 1369 835 1454 auf
879 1366 1147 1449 Ciisar‘g
1201 1366 1393 1448 1859,
1441 1387 1504 1451 p.
1556 1366 1685 1432 120
1728 1386 1823 1449 sq.
1880 1366 2403 1431 demonstravit.¹
2487 1368 2653 1432 Tum
2710 1386 2793 1431 ne
2838 1367 2905 1431 id

559 1475 818 1557 quidem
899 1475 1217 1539 omiserim
1274 1474 1392 1540 hos
1455 1474 1624 1538 Livii
1690 1481 1756 1539 et
1816 1474 2059 1539 Valerii
2138 1475 2317 1541 locos
2400 1475 2659 1542 obstare
2737 1475 2908 1543 solos

559 1581 932 1647 Mommseni
978 1582 1262 1647 calculis.

773 1700 915 1764 Iam
961 1706 1030 1762 ut
1064 1699 1203 1777 has,
1250 1718 1409 1781 quas
1457 1698 1611 1779 dixi,
1660 1698 1965 1763 tollamus
2012 1670 2447 1779 difficultate&
2478 1698 2911 1764 hocstatuen-

562 1807 710 1873 dum
773 1806 927 1873 mihi
991 1827 1136 1875 esse
1201 1800 1451 1871 videtur
1507 1805 1779 1887 Livium,
1828 1824 1992 1889 quae
2036 1805 2218 1886 locis,
2265 1804 2346 1869 de
2396 1806 2623 1889 quibus
2688 1805 2911 1889 agitur,

562 1916 904 1982 memoriae
949 1914 1249 2001 prodidit,
1287 1934 1414 1980 non
1459 1915 1542 1979 ab
1581 1934 1707 1979 uno
1754 1912 2109 1995 eodemque
2162 1913 2467 1997 petivisse
2514 1918 2793 1979 auctore.

775 2029 860 2093 Hi
896 2030 1085 2113 igitur
1114 2029 1220 2110 qui
1260 2028 1611 2110 qualesque
1648 2027 1791 2109 sint,
1833 2028 2172 2108 quaeritur.
2220 2026 2315 2093 Ac
2352 2026 2621 2111 primum
2660 2026 2909 2109 quidem

565 2158 663 2218 ea,
703 2155 878 2217 quae,
907 2136 972 2200 in
1001 2134 1306 2217 XXXIV,
1345 2137 1434 2199 44
1460 2141 1817 2216 narrantur,
1854 2133 2023 2199 haud
2062 2135 2195 2199 scio
2224 2154 2303 2198 an
2344 2132 2649 2219 originem
2679 2133 2913 2199 ducant

564 2266 602 2307 a
649 2244 883 2309 tabulis
932 2244 1204 2327 publicis
1259 2242 1486 2325 iisque,
1535 2262 1700 2325 quae
1748 2263 1887 2306 cum
1926 2263 1965 2307 a
2012 2242 2380 2308 censoribus
2431 2241 2909 2323 conficerentur,

563 2351 936 2416 dicebantur
981 2350 1382 2416 censoriae.“-'·
1435 2351 1518 2415 Hi
1565 2356 1635 2414 ut.
1678 2351 1977 2415 tributum
2024 2350 2494 2434 imponendum,
2570 2350 2915 2435 vectigalia

565 2456 902 2543 exigenda,
950 2458 1042 2523 ita
1088 2464 1153 2522 et
1197 2458 1338 2523 vias
1382 2458 1765 2523 sternendas
1814 2464 1879 2522 et
1927 2457 2221 2523 aedificia
2268 2458 2523 2541 publica
2575 2456 2751 2521 velut
2795 2457 2909 2521 ba-

563 2566 796 2647 silicas,
844 2566 1097 2631 theatra
1141 2565 1416 2632 locanda
1459 2567 1526 2630 in
1573 2566 1826 2630 tabulas
1871 2585 2023 2630 suas
2068 2564 2435 2630 referebant
2496 2583 2702 2647 neque
2756 2583 2909 2628 vero

777 2887 799 2926 ²
839 2885 1002 2939 Cuius
1039 2884 1207 2940 verba
1244 2885 1361 2958 ipsa
1399 2884 1593 2939 afferre
1629 2884 1821 2939 liceat:
1902 2888 2041 2937 «Die
2084 2886 2391 2955 Rechnunq
2431 2885 2541 2939 der
2578 2886 2907 2940 Chronilren

563 2973 786 3024 slimmt
825 2974 933 3023 mit
971 2970 1082 3023 cler
1116 2968 1428 3035 Jalertafel
1467 2969 1553 3022 bis
1602 2984 1741 3022 zum
1782 2970 2210 3021 varrone'schen
2246 2966 2401 3021 Jaler
2438 2966 2742 3022 det-selben
2778 2969 2911 3029 304,

565 3060 639 3109 e'st
679 3055 850 3109 daun
889 3055 975 3108 bis
1011 3057 1122 3107 4⁰20
1161 3058 1254 3108 ihr
1291 3072 1389 3108 um
1427 3056 1452 3108 1
1489 3054 1645 3107 Jalu·
1686 3069 1927 3115 coraus,
1983 3056 2209 3106 ste'mmt
2256 3053 2482 3107 ‘wieder
2520 3052 2605 3105 bis
2642 3054 2751 3105 4:³9
2790 3051 2913 3105 und

567 3138 742 3193 bleibt
800 3138 1053 3210 darauf
1097 3139 1182 3193 bis
1231 3142 1339 3191 444
1393 3155 1488 3191 um
1538 3141 1583 3203 1,
1645 3137 1730 3190 bis
1768 3138 1876 3189 45⁶2
1931 3153 2023 3189 um
2060 3138 2118 3200 2,
2174 3140 2283 3191 seit
2322 3139 2433 3189 454
2490 3154 2589 3189 um
2642 3138 2677 3189 3
2727 3136 2913 3191 Jalere

565 3226 760 3277 himer
810 3224 922 3278 cler
965 3222 1276 3297 Jahrtafel
1328 3223 1562 3277 zurit’clr
1646 3226 1755 3277 Mic
1808 3221 2102 3277 diesen..
2134 3228 2437 3278 Auscilzen
2491 3225 2762 3276 slz'mmen
2818 3220 2914 3275 de'e

564 3310 936 3365 Jahrzahlen
1001 3310 1092 3365 bez·
1147 3313 1347 3363 Livius
1412 3312 1519 3362 mit
1584 3312 1751 3363 einer
1818 3311 2089 3377 einze'qen
2152 3309 2493 3360 Ausnahme
2556 3304 2915 3375 vollslcinde'y

565 3394 830 3450 ilberez'n.

780 3485 901 3533 Das
945 3478 1329 3533 varronisclce
1366 3482 1517 3534 Jahr
1553 3480 1661 3530 364
1698 3482 1770 3531 ist
1814 3478 1904 3531 bez·
1940 3481 2141 3531 Livius
2177 3478 2259 3547 (5,
2282 3477 2382 3545 54)
2422 3478 2531 3529 365
2554 3494 2579 3544 ς
2620 3476 2735 3529 das
2761 3474 2918 3529 Jalu-

566 3568 674 3620 399
711 3569 783 3619 ist
823 3567 936 3617 400
976 3566 1221 3634 ξ7,18),·.
1256 3607 1269 3619 .
1304 3606 1315 3617 .
1362 3563 1475 3617 clas
1510 3562 1667 3617 Jalcr
1704 3565 1816 3616 505
1858 3564 1932 3616 ἵει
1970 3563 2080 3615 502
2121 3563 2233 3632 (ep.
2270 3562 2405 3630 49),·
2464 3562 2581 3615 das
2615 3562 2767 3614 Jahr
2803 3560 2913 3611 554

569 3654 645 3703 ist
692 3651 796 3702 551
845 3648 952 3717 (31,
990 3651 1048 3718 5)
1069 3667 1094 3716 ,-
1137 3693 1149 3703 .
1195 3691 1206 3703 .
1252 3694 1262 3705 .
1311 3694 1321 3705 .
1389 3651 1496 3703 Die
1553 3651 1783 3718 einziye
1833 3646 2032 3709 stelle,
2094 3646 2190 3701 die
2244 3649 2367 3700 sich
2424 3644 2642 3699 diesem
2696 3646 2917 3714 Syslem

567 3738 727 3787 nicht
764 3730 926 3804 fic’qt,
963 3736 1038 3786 ist
1077 3736 1200 3788 Lien
1237 3734 1332 3797 34,
1371 3735 1444 3787 54
1498 3733 1760 3803 (damus
1802 3731 1939 3789 Val.
1982 3735 2147 3785 Max.
2186 3733 2239 3795 9,
2278 3733 2339 3795 4,
2376 3731 2462 3799 3),
2516 3746 2607 3783 wo
2656 3733 2764 3782 me‘t
2802 3728 2919 3782 den

581 3826 804 3874 worten
866 3816 966 3872 «ad
1012 3834 1211 3872 annum
1291 3817 1781 3891 quingentesimum
1838 3814 2381 3889 [quinquagesimum]
2451 3824 2730 3871 octavum·
2805 3813 2919 3867 das

573 3904 956 3960 varronisolee
992 3904 1146 3959 Jalar
1200 3906 1312 3957 560
1371 3902 1705 3958 bezeichnet
1766 3901 1948 3955 ‹er-ira.
2016 3898 2101 3953 ob
2152 3898 2280 3953 lze'er
2334 3901 2447 3951 558
2483 3897 2595 3970 fiir
2640 3900 2753 3949 557
2792 3914 2919 3952 ver-

569 3990 803 4046 reclmet
833 3989 981 4043 oder
1003 3987 1401 4043 versarii-tehen
1421 3991 1521 4052 ist,
1553 3986 1727 4041 bleibt
1753 3982 2174 4057 dalee'nqestellt
2193 4001 2216 4051 ‚·
2252 3983 2348 4037 die
2372 3982 2544 4053 Beqel
2569 3982 2723 4037 stelzt
2746 3980 2913 4054 fest.»

784 4116 807 4154 2
847 4111 1029 4168 Soltau
1068 4112 1258 4169 Philol.
1299 4112 1405 4183 Lll,
1465 4112 1595 4176 669,
1652 4112 1757 4167 695
1812 4118 1869 4166 et
1922 4110 2082 4165 Peter
2138 4108 2348 4179 Fragm.
2400 4106 2536 4164 nist.
2577 4125 2628 4180 p.
2667 4108 2772 4164 254
2829 4107 2919 4171 (ad

569 4199 767 4257 Antiat.
817 4198 918 4271 frg.
957 4198 1048 4269 37)
1101 4215 1184 4265 ea,
1246 4214 1383 4271 quae
1436 4197 1489 4252 in
1529 4196 1753 4264 XXXIV,
1816 4197 1886 4249 44
1936 4193 2301 4260 inveniuntur,
2342 4193 2533 4248 deberi
2572 4193 2920 4249 coniecerunt

571 4283 785 4342 Antiati.
823 4284 976 4347 Quod
1015 4284 1058 4338 si
1098 4283 1176 4337 illi
1205 4301 1315 4340 non
1347 4292 1617 4348 errarent,
1661 4289 2084 4337 consentaneum
2124 4288 2268 4335 esset
2292 4278 2501 4335 tabulas
2530 4278 2649 4334 illas
2674 4277 2920 4350 publicas

572 4369 766 4425 referri
806 4369 872 4424 ad
911 4368 1178 4422 Antiatem
1219 4383 1424 4424 omnes
1470 4368 1631 4439 Atqui
1672 4366 1852 4421 obstat
1888 4364 2014 4432 XLI,
2056 4365 2140 4432 27,
2181 4363 2234 4430 ⁶2,
2296 4365 2547 4437 quoniam
2586 4364 2767 4419 verbis
2810 4373 2919 4429 «et,

574 4468 640 4515 ut
676 4458 920 4515 Valerius
957 4458 1140 4512 Antias
1180 4453 1372 4509 tradit,
1418 4452 1806 4524 comprobatur
1844 4450 1910 4505 ab
1950 4451 2159 4505 Antrate
2188 4448 2321 4504 nihi!
2351 4458 2623 4521 sumptum
2662 4464 2779 4503 esse
2818 4447 2919 4503 nisi

575 4544 743 4599 verba
786 4559 1038 4599 uconsors
1079 4541 1240 4597 etiam
1281 4538 1580 4595 censoriso.
