3175 5109
1237 420 1633 487 ,ι-Ῑζ)...

262 604 436 693 serit‚
522 608 753 699 quippe
821 611 925 696 qui
991 618 1054 679 et
1125 612 1412 700 Pompeii
1497 598 1809 681 theatrum
1894 604 2339 686 commemoret
2401 624 2631 697 neque,

262 720 493 785 theatri
541 720 735 787 faciat
781 723 1164 787 mentionem
1212 722 1520 788 Marcelli.

478 828 654 906 Quae
694 830 906 894 omnia
952 850 1092 895 cum
1139 830 1228 895 ita
1273 850 1345 895 se
1383 818 1689 913 habeant,
1739 851 1925 913 quam
1975 831 2079 895 diu
2118 829 2387 896 valuerit
2422 850 2608 896 sena-

262 939 362 999 tus
408 935 565 1000 illud
616 938 968 1003 consultum
1015 958 1178 1003 anno
1232 936 1358 1002 154
1405 958 1464 1003 a.
1517 938 1661 1005 Chr.
1710 960 1769 1006 n.
1811 938 2068 1019 factum,
2128 960 2206 1003 ex
2253 937 2351 1003 his
2396 938 2607 1005 Taciti

262 1042 475 1107 verbis
525 1042 857 1109 diiudicari
902 1065 1158 1129 prorsus
1195 1044 1430 1127 nequit.

475 1151 607 1216 Sed
653 1152 810 1217 satis
856 1153 1007 1217 mihi
1054 1152 1254 1217 multa
1300 1154 1500 1218 verba
1547 1152 1773 1219 fecisse
1822 1152 2064 1235 videor,
2126 1158 2193 1218 ut
2238 1152 2305 1217 id
2352 1152 2606 1235 quidem

263 1257 760 1323 demonstrarem
827 1261 1148 1325 Romanos
1209 1260 1336 1327 iam
1399 1266 1546 1326 ante
1612 1281 1841 1326 annum
1903 1261 2029 1325 154
2095 1281 2152 1325 a.
2219 1261 2362 1326 Chr.
2418 1284 2479 1327 n.
2540 1262 2606 1325 in

260 1363 508 1431 theatro
555 1366 798 1433 sedisse
847 1388 1052 1451 neque
1101 1368 1378 1436 caruisse
1429 1390 1693 1435 caream
1741 1368 2077 1435 subselliis.

473 1474 618 1556 Age
660 1496 866 1559 porro,
906 1496 1070 1542 nunc
1110 1478 1532 1560 exquiramus,
1572 1476 1722 1560 quid
1762 1476 1841 1541 de
1882 1497 2045 1541 anno
2090 1473 2222 1541 167*
2256 1498 2313 1540 a.
2357 1476 2499 1541 Chr.
2541 1497 2601 1541 n.
2630 1498 3054 1555 A.1(37a.Gh1-.n.

258 1582 598 1646 memoriae
681 1583 1032 1667 prodiderit
1110 1584 1427 1669 Polybius
1476 1586 1585 1649 lib.
1652 1584 1866 1666 XXX,
1936 1585 2015 1649 13
2078 1588 2207 1668 (ap.
2271 1583 2418 1649 Ath.
2498 1585 2601 1665 14,

259 1690 389 1755 615
455 1689 644 1775 A-E).
738 1690 865 1755 Ubi
921 1689 1002 1755 de
1068 1691 1256 1777 ludis,
1319 1692 1426 1775 qui
1495 1692 1804 1773 dicuntur,
1868 1690 2369 1775 triumphalibuS‚
2443 1709 2602 1772 quos

258 1798 516 1863 Anicius
599 1797 882 1864 Graecos
971 1798 1250 1863 imitatus
1345 1820 1421 1863 eo
1515 1820 1677 1864 anno
1772 1798 1946 1879 feeit,
2037 1798 2199 1863 hacc
2289 1798 2601 1883 praebet:

261 1908 572 1990 ῃΛεύκιος
629 1908 696 1969 δὲ
733 1906 994 1976 Ἀνίκιος
1039 1944 1126 1951 -—
1173 1909 1427 1988 ἀγῶνας
1484 1909 1775 1970 ἐπιτελῶν
1830 1908 1973 1977 τοὺς
2029 1908 2353 1975 ἕκινικίους
2408 1908 2473 1969 ἒν
2532 1913 2604 1989 τῇ

249 2014 462 2097 Ῥώμῃ
495 2015 726 2084 παντὸς
773 2016 1050 2095 γέλωτος
1098 2016 1241 2087 ἄξια
1289 2016 1625 2097 πράγματα
1687 2017 1986 2098 ἐποίησεν.
2034 2016 2606 2096 μεταπεμψάμενος

258 2120 376 2202 γὰρ
440 2122 582 2191 τοὺς
647 2123 714 2183 ἔκ
780 2128 886 2203 τῆς
925 2121 1235 2191 εΕλλάδος
1298 2124 1815 2205 ἐπιφανεστάτους
1869 2124 2153 2205 τεχνίτας,
2210 2123 2314 2184 καὶ
2371 2122 2606 2203 σκηνὴν

256 2230 726 2299 κατασκευάσας
782 2231 1070 2312 μεγίστην
1128 2232 1194 2293 ἒν
1252 2238 1344 2312 τῷ
1401 2233 1623 2314 κίρκῳ,
1686 2233 1979 2314 πρώτους
2040 2233 2277 2312 εἰσῆγεν
2340 2228 2607 2310 αὗλήτᾶς

256 2338 390 2419 ἅμα
445 2337 694 2405 πάντας.
744 2373 832 2380 -
876 2338 1130 2406 τούτους
1179 2336 1291 2400 οὗν
1340 2340 1567 2419 στήσας
1614 2339 1711 2400 ἐπὶ
1754 2338 1823 2400 τὸ
1870 2340 2253 2420 προσκήνιον
2296 2335 2450 2418 μετὰ
2496 2342 2605 2398 τοῖ’

254 2450 454 2527 χοροῦ
487 2444 692 2509 αὐλεῖν
723 2445 1038 2507 ἐκέλευσεν
1071 2446 1203 2526 ἅμα
1236 2446 1484 2514 πάντας.
1507 2447 1694 2508 --ἔτι
1730 2446 1796 2507 δὲ
1826 2446 2063 2508 τούτων
2096 2446 2165 2507 ἐκ
2197 2445 2607 2526 παρατάξεως

255 2552 744 2632 ἀγωνιζομένων
808 2552 1169 2633 ὀρχησταὶ
1235 2553 1368 2615 δύο
1443 2555 1836 2635 εἰσήγοντο
1908 2552 2088 2635 μετὰ
2164 2552 2607 2633 συμφωνίας

254 2660 356 2727 εἷς
416 2658 544 2739 τὴν
609 2659 1034 2741 ὀρχήστραν
1097 2660 1220 2721 καὶ
1283 2660 1554 2722 πυκταὶ
1627 2662 1979 2742 τέσσαρες
2050 2660 2425 2741 ἀνέβησαν
2490 2658 2607 2719 ἐπὶ

252 2766 380 2847 τὴν
428 2765 711 2848 σκηνὴν
756 2766 909 2847 μετὰ
959 2768 1350 2847 σαλπιγκτῶν
1395 2768 1500 2830 καὶ
1545 2768 1978 2850 βυκανητῶν.“

470 2872 825 2937 Saltatores
887 2871 1082 2954 igitur
1144 2873 1208 2936 in
1273 2873 1661 2939 orchestram
1726 2872 2092 2957 prodierunt
2156 2878 2220 2937 et
2302 2871 2597 2938 tibicines

252 2979 677 3065 pugilesquel
738 2978 1168 3044 escendebant
1230 2981 1296 3045 in
1359 3000 1676 3046 scaenam.
1724 2982 1894 3064 Ergo
1941 3000 2179 3045 scaena
2224 2986 2364 3045 erat
2426 2980 2604 3044 locus

253 3086 544 3171 superior
603 3085 946 3152 orchestra.
1011 3088 1175 3151 Hinc
1223 3086 1492 3153 efficitur
1538 3094 1951 3173 spectatoreS,
2001 3084 2313 3169 siquidem
2388 3106 2606 3151 omnes

256 3211 389 3273 eOS‚
457 3192 564 3274 qui
626 3192 691 3256 in
751 3192 1078 3257 orchestra
1141 3193 1486 3274 saltabant,
1552 3194 1920 3277 conspicere
1986 3198 2343 3276 potuerunt,
2409 3192 2605 3258 fuisse

253 3300 614 3383 superiores
675 3298 1018 3365 orchestra.
1081 3298 1272 3375 Quod
1317 3320 1442 3363 non
1487 3292 1897 3385 intelle'gitur,
1944 3300 2065 3365 nisi
2112 3299 2341 3365 theatri
2410 3320 2609 3364 cavea

257 3414 395 3472 erat
441 3408 670 3473 leniter
718 3407 978 3473 acclivis
1027 3427 1228 3490 eaque
1277 3407 1580 3493 gradibus
1620 3416 1863 3475 ornata.
1911 3410 2051 3473 Iam
2090 3406 2403 3475 concedes
2443 3427 2607 3471 anno

262 3516 383 3579 167
453 3536 510 3579 a.
569 3514 714 3580 Chr.
778 3535 836 3579 n.
886 3514 1082 3580 fuisse
1123 3517 1366 3581 Romae
1423 3516 1741 3581 theatrum
1799 3515 1991 3597 idque
2044 3515 2403 3581 constitisse
2466 3534 2606 3579 cum

260 3640 335 3685 cx
381 3641 622 3689 scaena
661 3622 1114 3704 orchestraque
1159 3630 1290 3687 tum
1339 3642 1418 3687 ex
1469 3644 1687 3690 cavea.

468 3730 554 3794 Et
589 3747 670 3793 ne
716 3728 986 3795 haereas
1033 3730 1095 3794 in
1146 3749 1244 3812 ec,
1293 3731 1463 3812 quod
1509 3731 1850 3797 saltatores
1895 3731 1961 3794 in
2007 3730 2332 3797 orchestra
2406 3748 2611 3810 eaque

255 3834 448 3919 plana
518 3842 651 3901 tum
725 3842 1010 3920 egerunt,
1093 3857 1437 3922 componas
1498 3838 1689 3903 velim
1748 3840 2030 3920 Festum,
2097 3836 2203 3918 qui
2264 3838 2381 3902 sub
2447 3855 2609 3901 voce

260 3943 672 4026 „orchestra“
712 3944 876 4009 haec
922 3944 1120 4009 refert
1167 3944 1294 4029 (ap.
1343 3946 1559 4011 Muell.
1607 3968 1669 4030 p.
1723 3946 1913 4029 181):
1982 3943 2394 4030 „Or[chestra
2428 3944 2609 4008 loeus

253 4048 322 4113 in
360 4069 613 4133 scaena,
659 4050 724 4115 in
763 4053 908 4135 quo]
957 4058 1148 4117 antea
1194 4052 1299 4135 qui
1347 4072 1509 4118 nunc
1549 4052 1947 4138 pla[nipedes
1978 4050 2266 4115 dicuntur
2307 4052 2605 4135 agebant,

252 4156 324 4221 in
374 4158 582 4241 quem]
646 4179 771 4224 non
837 4158 1335 4226 admittebantur
1403 4159 1784 4245 [hist1·ioneS‚
1845 4159 1965 4223 nisi
2028 4164 2273 4224 tantum
2336 4158 2609 4241 inte]rim

193 4330 222 4353 l
255 4263 410 4329 dum
482 4264 738 4331 fabulae
813 4267 1322 4353 ex[plicarentur‚
1404 4288 1565 4350 quae
1650 4268 1786 4334 sine
1852 4265 2027 4351 ipsis]
2108 4265 2415 4349 explicari
2486 4284 2614 4331 non

473 4536 495 4575 ²
534 4532 608 4588 cf.
646 4532 862 4590 Terent.
904 4532 1092 4606 Hecyr.
1134 4532 1270 4607 prol.
1307 4533 1352 4588 11
1393 4550 1440 4589 v.
1479 4533 1550 4588 25
1588 4550 1669 4605 sq.
