3175 5109
1565 404 1963 461 ...44-

589 585 930 671 fecer(unt)
978 586 1288 651 theatrum
1340 592 1404 651 et
1446 587 1887 672 proscaenium
1937 586 2347 673 refecer(unt)
2398 587 2565 654 ludis
2624 587 2933 654 scaenicis

585 692 780 758 biduo
811 692 1238 779 dedicar(unt)
1279 694 1340 760 d.
1379 715 1429 760 s.
1471 694 1578 779 p.“
1675 696 1836 761 Item
1897 694 1976 761 cf.
2018 696 2088 761 C.
2137 697 2188 761 Ι.
2236 696 2309 759 L.
2356 696 2476 777 XI,
2535 695 2711 763 2710
2756 698 2933 781 (Vol-

589 799 821 883 siniis):
891 800 1003 886 „L.
1065 800 1386 867 Cominius
1431 802 1503 865 L.
1551 801 1597 865 f.
1647 801 1721 866 A.
1760 824 1821 867 n.
1873 801 1944 868 C.
1986 802 2327 868 Canuleius
2374 802 2447 867 L.
2486 801 2530 866 s.
2570 803 2646 867 T.
2688 803 2933 870 Tullius

589 909 663 973 T.
713 908 757 973 f.
812 908 1036 974 Kanus
1089 909 1160 974 L.
1221 909 1465 975 Hirrius
1533 910 1607 973 L.
1671 908 1715 973 f.
1772 910 2036 975 Latinus
2096 911 2187 975 IV
2249 909 2421 995 vir(i)
2495 910 2806 976 theatrum
2876 918 2941 976 et

585 1016 1027 1101 proscaenium
1094 1014 1173 1081 de
1239 1036 1357 1082 sua
1415 1018 1689 1103 pecunia
1747 1017 2109 1085 faciundum
2158 1020 2636 1085 coe1·averunt.“

805 1124 1046 1202 Quodsi
1084 1131 1258 1189 recte
1297 1123 1761 1210 disputavimus
1805 1125 1999 1209 vulgo
2054 1122 2446 1209 „theatrum“
2492 1144 2634 1191 esse
2675 1146 2937 1192 caveam
2986 1120 2994 1128 ’

586 1236 652 1296 et
695 1232 1214 1317 ⁷‚proscaenium“
1263 1230 1622 1315 significare
1675 1234 2071 1316 „scaenam“‚
2119 1230 2301 1297 vides
2346 1231 2689 1316 periochae
2738 1235 2937 1299 verba

583 1339 697 1403 illa
745 1337 1316 1421 quae'tractamus,
1361 1344 1561 1405 totum
1607 1339 2089 1425 perfectumque
2136 1339 2371 1405 theatri
2416 1337 2796 1421 aedificium,
2870 1347 2937 1405 et

587 1466 851 1511 caveam
944 1446 1249 1530 gradibus
1327 1447 1711 1532 completam
1793 1452 1859 1512 et
1938 1466 2239 1513 scaenam
2321 1446 2611 1530 intellegi
2657 1447 2938 1513 voluisse

585 1554 978 1642 scriptorem.
1071 1555 1280 1635 Atque
1326 1556 1418 1620 ita
1461 1556 1627 1621 inter
1672 1574 1742 1621 se
1788 1554 2123 1620 coniuncta
2172 1560 2318 1620 sunt
2363 1554 2581 1637 verba,
2630 1560 2699 1620 ut
2739 1554 2936 1638 notio,

586 1682 750 1743 quae
813 1682 958 1726 eam
1001 1661 1234 1727 theatri
1294 1668 1542 1747 partem
1626 1662 1941 1747 designat,
2006 1682 2172 1745 quae
2236 1662 2511 1728 maxime
2592 1662 2676 1727 sit
2753 1680 2938 1746 spec-

590 1768 807 1849 tanda,
856 1789 1139 1851 caveam,
1189 1789 1441 1855 semper
1487 1769 1736 1835 dicatur
1782 1770 1924 1836 loco
1970 1771 2204 1854 priore.
2298 1768 2483 1847 Quod
2540 1789 2664 1853 quo
2712 1770 2937 1835 melius

589 1896 960 1963 eognosca8‚
991 1876 1068 1943 ef.
1111 1876 1348 1943 similes
1382 1879 1559 1943 locos
1594 1898 1787 1963 supra
1814 1878 1941 1943 iam
1976 1878 2207 1943 allatos
2240 1879 2496 1960 quales:
2543 1877 2933 1962 „theatrum“

585 1986 886 2067 scaena“,
932 1985 1283 2070 „theatrum
1315 1986 1706 2052 orchestra“.

799 2102 938 2165 Iam
993 2101 1056 2165 in
1103 2101 1228 2166 fine
1277 2100 1460 2167 huius
1505 2101 2102 2167 dissertatiunculae
2150 2106 2448 2183 quattuor
2477 2103 2937 2187 perlustremus

585 2206 796 2273 Plauti
842 2209 1039 2290 loom,
1089 2209 1315 2290 quibus
1366 2209 1807 2293 „proscaenii“
1861 2210 2241 2274 vocabulum
2288 2209 2489 2274 solum
2536 2227 2745 2291 neque
2795 2210 2937 2275 aliis

587 2314 864 2380 aedificii
928 2316 1215 2401 partibus
1281 2316 1643 2401 oppositum
1726 2316 1961 2382 inveni.
2056 2316 2179 2393 Qui
2240 2316 2297 2380 si
2374 2314 2619 2380 duobus
2678 2315 2835 2381 locis
2900 2339 2941 2382 a

587 2421 900 2487 communi
980 2444 1107 2489 non
1189 2422 1460 2489 discedit
1527 2443 1662 2505 usu,
1738 2444 1864 2489 non
1930 2429 2050 2504 est,
2117 2422 2281 2505 quod
2354 2422 2674 2489 miremur.
2746 2422 2935 2488 Mira-

583 2529 805 2612 bimur‚
869 2530 923 2595 si
1001 2530 1102 2596 bis
1183 2530 1246 2595 in
1313 2531 1538 2596 eadem
1605 2531 1870 2596 Poenuli
1935 2538 2118 2615 parte
2189 2530 2509 2595 insolitum
2573 2549 2933 2612 novumque

580 2637 1002 2722 significatum
1047 2637 1194 2703 huic
1237 2638 1380 2703 voci
1425 2640 1689 2703 subesse
1735 2639 2147 2719 inveniemus,
2198 2639 2318 2703 etsi
2365 2638 2515 2719 quid
2560 2638 2709 2702 inde
2758 2639 2930 2704 colli-

578 2752 764 2827 gatur
829 2744 910 2811 de
981 2750 1115 2810 tota
1188 2745 1312 2811 hae
1384 2745 1653 2811 Poenuli
1716 2752 1921 2830 parte,
2008 2746 2129 2809 hoe
2212 2745 2728 2811 commentariolo
2824 2766 2925 2811 me

578 2852 878 2935 persequi
948 2872 1155 2935 nemo,
1222 2853 1466 2937 opinor,
1514 2854 1934 2937 exspectabit.
1994 2853 2146 2919 Loci
2194 2859 2405 2918 autem
2454 2859 2596 2918 sunt
2641 2852 2749 2917 hi:

792 2965 1264 3049 Amphitruonis
1306 2966 1441 3059 fab.
1492 2966 1656 3051 prol.
1704 2986 1766 3031 v.
1814 2967 1923 3048 91,

796 3073 1164 3138 Truculenti
1211 3071 1342 3139 fab.
1389 3075 1550 3159 prol.
1601 3094 1660 3138 v.
1716 3075 1816 3155 10,

794 3180 1059 3246 Poenuli
1102 3181 1232 3245 fab.
1279 3182 1441 3267 prol.
1490 3201 1552 3245 V.
1608 3183 1685 3247 17
1736 3187 1801 3246 et
1847 3184 1953 3247 57.
2303 3187 2332 3228 ⁴

792 3285 1274 3353 Proficiscamur
1319 3290 1400 3354 ab
1448 3288 1923 3374 Amphitruonis
1968 3290 2218 3375 prologi
2264 3309 2471 3371 verim,
2533 3308 2721 3371 quem
2768 3238 2927 3352 dixi.

799 3394 1056 3477 „Mirari
1101 3395 1294 3460 nolim
1342 3414 1478 3476 vos,
1527 3403 1919 3481 quapropter
1965 3396 2253 3481 Iuppiter

791 3501 975 3569 Nune
1020 3501 1358 3567 histriones
1405 3508 1615 3580 euret3
1663 3522 1743 3567 ne
1794 3503 2138 3568 miremini:

795 3610 946 3693 Ipse
991 3608 1155 3672 hanc
1202 3614 1482 3675 acturust
1526 3610 1814 3695 Iuppiter
1861 3609 2277 3675 comoediam.

729 3751 734 3756 ·
795 3714 960 3792 Quid
1007 3714 1300 3781 admirati
1347 3717 1520 3799 estis,
1570 3717 1751 3799 quasi
1798 3738 1951 3783 vero
2000 3738 2233 3784 novom

791 3822 976 3890 Nunc
1021 3823 1398 3908 proferatur,
1446 3826 1669 3889 Iovem
1714 3823 1932 3891 faeere
1976 3824 2431 3890 histrioniam?

643 3932 747 3995 91.
795 3930 1004 3996 Etiam
1049 3930 1388 3998 histriones
1437 3936 1644 3998 anno¹
1698 3952 1836 3997 cum
1883 3933 1945 3997 in
1992 3934 2369 4017 proscaenio
2416 3932 2519 3997 hic

793 4264 815 4303 ²
859 4260 1084 4324 §Annon
1110 4276 1224 4317 nour
1271 4260 1397 4316 ferri
1447 4277 1550 4315 non
1594 4260 1783 4333 possit,
1826 4276 1932 4315 non
1981 4259 2177 4325 videoz,
2230 4258 2299 4315 ef.
2333 4257 2667 4313 Menaechm.
2706 4275 2754 4312 v.
2788 4260 2923 4315 205:

583 4345 875 4412 «Quattuor
913 4344 1072 4399 minis
1111 4345 1281 4399 istanc
1319 4345 1422 4399 emi
1462 4360 1603 4399 anno
1645 4345 1797 4400 uxori
1838 4360 2059 4416 meae-3
2100 4344 2225 4399 item
2262 4343 2329 4400 cf.
2360 4345 2669 4400 Truculenti
2714 4361 2761 4399 v.
2794 4347 2926 4403 391.

577 4430 753 4497 Quare
784 4436 1106 4499 coniectura,
1147 4436 1204 4484 ut
1235 4430 1522 4498 Ussingius
1553 4430 1683 4498 vult,
1718 4429 1808 4501 qui
1847 4435 2066 4484 «antea»
2104 4424 2390 4499 proposuit,
2422 4428 2638 4483 omnino
2668 4428 2753 4484 hic
2786 4445 2928 4501 opus

578 4530 687 4577 non
727 4520 826 4571 est.
