3175 5109
993 784 1276 851 CAPUT
1324 784 1758 853 ALTERUM.

199 1001 304 1067 Dc
351 1000 839 1085 spectatorum
886 1000 968 1069 in
1014 1000 1210 1069 ludls
1247 1001 1603 1071 scaenicis
1650 1001 2087 1072 condicione
2125 1003 2551 1072 testimonia

1192 1164 1560 1232 Plautina.

413 1386 500 1452 Ut
574 1385 977 1453 exordiamur
1050 1387 1132 1451 ab
1192 1384 1272 1451 iis
1327 1384 1640 1465 versibuS,
1732 1401 1890 1465 quos
1952 1382 2089 1468 ipse
2164 1382 2549 1449 Ritschelius

109 1582 120 1593 .
202 1493 433 1578 attulit,
479 1495 748 1578 primum
794 1492 1100 1578 respicias
1146 1492 1413 1557 Poenuli
1461 1491 1711 1577 prologi
1756 1510 1815 1555 v.
1869 1492 1946 1556 17
1997 1510 2128 1573 sq.:

419 1628 750 1711 ⁷,Scortum
798 1628 1116 1692 exoletum
1163 1645 1243 1689 ne
1291 1624 1460 1707 quod
1506 1625 1570 1690 in
1616 1625 1988 1709 proscaenio

413 1734 674 1816 Sedeat,
718 1754 842 1798 neu
889 1734 1073 1800 lictor
1118 1735 1382 1799 verbum
1429 1737 1539 1797 aut
1575 1732 1795 1815 virgae
1840 1733 2154 1814 muttiaut,

411 1841 556 1907 Neu
603 1840 988 1927 dissignator
1032 1846 1290 1925 praeter
1335 1859 1407 1904 os
1456 1839 1843 1921 obambulet,

411 1948 554 2015 Neu
599 1968 840 2014 sessum
889 1946 1101 2030 ducat,
1150 1946 1298 2012 dum
1345 1946 1567 2011 histrio
1615 1948 1681 2009 in
1728 1966 1961 2011 scaena
2006 1946 2125 2028 sit3

411 2056 538 2119 Diu
585 2056 692 2137 qui
741 2054 912 2120 domi
959 2054 1147 2120 otiosi
1194 2053 1599 2133 dormierunt,
1649 2053 1837 2118 decet

410 2162 636 2228 Animo
683 2182 889 2245 aequo
936 2180 1100 2227 nunc
1137 2167 1324 2241 stent,
1374 2162 1481 2227 vel
1529 2160 1799 2225 dormire
1850 2166 2222 2244 temperent.

409 2270 594 2336 Servi
640 2291 721 2336 ne
769 2269 1128 2349 obsideant,
1174 2269 1394 2335 liberis
1440 2274 1509 2333 ut
1553 2270 1640 2333 sit
1681 2268 1881 2351 locuS,

412 2377 533 2442 Vel
581 2398 694 2444 aes
739 2398 854 2462 pro
904 2378 1114 2462 capite
1161 2375 1376 2441 dent.“
1405 2380 1426 2421 1

412 2516 594 2596 Quae
632 2518 830 2583 verba
875 2538 1001 2584 non
1047 2516 1358 2599 quadrare
1406 2516 1525 2582 nisi
1567 2515 1650 2581 ad
1690 2522 2085 2601 spectatores
2121 2516 2185 2581 in
2225 2517 2547 2583 subselliis

185 2624 334 2689 sive
394 2625 700 2707 gradibus
759 2624 1060 2691 sedentes
1105 2623 1492 2690 Ritschelius
1537 2625 1666 2689 iam
1729 2630 1903 2688 recte
1967 2624 2283 2710 cognovit.
2379 2625 2547 2691 Nam

185 2733 300 2799 hic
344 2732 467 2798 nisi
505 2732 585 2797 de
635 2734 824 2799 certis
871 2734 1376 2818 spectaculorum
1423 2732 1729 2818 gradibus
1777 2739 2095 2817 ageretur,
2157 2730 2545 2815 dissignator

184 2860 442 2906 sessum
489 2839 726 2906 ducens
773 2861 900 2907 non
945 2840 1309 2924 fingeretur.
1359 2840 1582 2923 Neque
1624 2839 1924 2904 abhorret
1961 2842 2041 2905 ab
2080 2840 2202 2904 hac
2238 2839 2543 2925 interpre-

183 2946 457 3029 tatione,
521 2948 692 3031 quod
740 2949 847 3030 qui
894 2947 1095 3013 serius
1145 2947 1501 3032 experrecti
1548 2945 1933 3031 intempore
1994 2944 2060 3010 in
2107 2948 2356 3011 theatro
2417 2968 2543 3010 non

185 3054 446 3136 adsunt,
494 3056 730 3121 ultimis
774 3055 932 3121 locis
979 3061 1169 3121 stant.
1211 3054 1365 3132 Quis
1406 3055 1574 3119 enim
1621 3053 1766 3119 illos
1809 3053 2045 3119 frustra
2097 3056 2306 3121 locum
2354 3074 2541 3137 quae-

182 3168 434 3244 rentes,
499 3182 580 3228 ne
645 3162 1068 3242 considerent,
1133 3161 1488 3247 impediret,
1550 3163 1606 3226 si
1666 3162 1861 3226 sellas
1923 3180 2139 3227 secum
2199 3161 2543 3227 tulissent?

182 3270 486 3351 Accedit,
535 3270 702 3353 quod
749 3290 972 3336 servos
1016 3270 1323 3336 subsellia
1370 3289 1681 3354 occupare
1728 3269 2030 3353 prologus
2077 3289 2201 3333 non
2240 3270 2545 3355 patitur-,2

411 3378 574 3442 Tum
624 3377 914 3443 conferas
962 3378 1153 3443 velim
1187 3376 1660 3462 Amphitruonis
1706 3376 1863 3461 prol.
1914 3397 1971 3441 v.
2011 3376 2095 3441 65
2142 3397 2275 3461 sq.:

418 3513 542 3594 „Ut
589 3510 1042 3595 conquisitores
1089 3511 1338 3597 singula
1383 3511 1447 3577 in
1493 3510 1800 3577 subsellia

407 3620 572 3684 Eant
619 3640 733 3704 per
780 3626 977 3685 totam
1025 3639 1288 3685 caveam
1334 3619 1822 3703 spectatoribus,

407 3725 478 3791 Si
525 3724 672 3809 quoi
716 3725 1023 3791 favitores
1071 3726 1405 3810 delegatos
1452 3725 1746 3807 viderint,

405 3834 496 3899 Ut
541 3834 595 3898 is
642 3832 706 3896 in
755 3853 956 3899 cavea
1001 3832 1228 3921 pignus
1277 3833 1605 3919 capiantur
1650 3831 1905 3917 togae.“

411 3964 511 4031 Ne
575 3965 691 4033 hos
738 3966 992 4048 quidem
1038 3986 1260 4033 versus
1309 3966 1641 4051 explanari
1688 3984 1877 4050 posse
1943 3984 2127 4030 nemo
2174 3985 2299 4030 non
2344 3966 2544 4048 videt,

409 4291 428 4329 1
468 4286 577 4344 Nec
607 4296 940 4361 spectatores
972 4304 1074 4343 nec
1103 4304 1288 4343 servos
1322 4302 1563 4358 unquam
1592 4286 1790 4341 Romae
1822 4283 2104 4358 pecuniam
2134 4302 2232 4358 pro
2262 4286 2540 4358 spectandi

174 4373 270 4433 vel
313 4371 539 4429 s'edendi
580 4372 735 4445 copia
782 4373 1007 4428 solvisse
1039 4372 1362 4427 Bitschelius
1402 4371 1508 4425 iam
1538 4378 1687 4427 recte
1717 4367 2125 4437 demonstravit,
2168 4369 2204 4424 l.
2242 4386 2286 4425 c.
2318 4388 2368 4443 p.
2408 4370 2536 4427 223.

406 4487 431 4525 2
469 4482 545 4538 Dc
582 4484 688 4539 hoc
725 4483 948 4557 prologo
989 4482 1166 4555 paullo
1208 4482 1345 4540 infra
1383 4482 1555 4538 fusius
1596 4497 1768 4554 agam.
