3175 5109
618 409 685 466 f,
1547 370 1939 433 —26—

570 561 853 645 locavit3
918 568 983 629 et
1030 563 1111 628 ab
1175 560 1274 629 his
1331 560 1657 646 columnis,
1719 581 1882 645 quae
1926 561 2325 629 incommode
2386 564 2681 649 opposita
2740 562 2925 629 vide-

569 672 820 754 bantur,
877 671 1062 758 signa
1099 671 1334 736 amovit
1381 670 1713 756 clipeaque
1776 671 1857 738 de
1904 672 2209 738 columnis
2255 679 2321 737 ct
2380 672 2565 760 signa
2624 673 2928 738 militaria

569 778 783 845 adfixa
847 779 1048 844 omnis
1116 777 1370 865 generis
1437 778 1733 864 dempsit.
1804 778 1884 843 M.
1952 780 2214 845 Fulvius
2278 781 2462 865 plura
2526 788 2593 845 et
2663 781 2924 847 maioris

568 887 808 953 locavit
867 906 1038 972 usus,
1091 892 1339 971 portum
1403 892 1467 952 et
1525 886 1689 967 pilas
1744 886 1955 971 pontis
2020 885 2084 951 in
2130 887 2433 972 Tiberim,
2483 888 2708 972 quibus
2770 889 2925 974 pilis

569 994 846 1062 fornices
891 1000 1037 1081 post
1085 994 1324 1077 aliquot
1371 1014 1572 1059 annos
1619 994 1691 1059 P.
1741 993 1957 1079 Scipio
1994 994 2327 1062 Africanus
2374 1002 2437 1060 ct
2476 996 2548 1063 L.
2588 997 2925 1063 Mummius

573 1122 870 1167 censores
946 1103 1314 1167 locaverunt
1389 1101 1847 1187 imponendos3
1921 1103 2247 1168 basilicam
2312 1109 2457 1188 post
2522 1105 2926 1191 argentarias

568 1230 766 1275 novas
815 1216 880 1275 et
924 1208 1128 1274 forum
1171 1209 1578 1295 piscatorium
1628 1210 2031 1275 circumdatis
2076 1211 2382 1293 tabernis,
2424 1232 2583 1294 quas
2631 1211 2927 1277 vendidit

571 1317 635 1382 in
674 1318 1047 1402 pr1vatum.“
1103 1317 1198 1383 cf.
1250 1337 1348 1397 ea,
1389 1336 1554 1399 quae
1594 1316 1960 1383 succedunt.

787 1424 882 1493 Cf.
947 1424 1124 1511 XLI,
1190 1424 1311 1489 27:
1411 1425 1766 1507 „Censores
1826 1445 1902 1491 eo
1968 1445 2135 1491 anno
2216 1425 2413 1491 creati
2498 1426 2573 1503 Q.
2658 1425 2926 1492 Fulvius

571 1534 840 1599 Flaccus
896 1538 962 1597 et
1023 1532 1101 1597 A.
1166 1532 1524 1598 Postumius
1569 1531 1839 1597 Albinus
1885 1534 2179 1615 legerunt
2238 1538 2563 1615 senatum3
2625 1534 2927 1618 princeps

571 1642 772 1706 lectus
818 1642 902 1705 M.
932 1638 1241 1705 Aemilius
1269 1639 1550 1724 Lepidus
1598 1639 1885 1723 pontifex
1924 1640 2257 1706 maximus.
2294 1642 2396 1705 De
2428 1648 2653 1707 senatu
2692 1662 2925 1707 novem

575 1748 916 1814 eiecerunt.
981 1748 1273 1831 Insignes
1319 1753 1510 1813 notae
1555 1747 1808 1813 fuerunt
1854 1748 1937 1811 M.
1988 1749 2242 1814 Corneli
2286 1749 2762 1834 Maluginensis,
2812 1749 2925 1832 qui

575 1856 829 1921 biennio
870 1861 1019 1921 ante
1058 1862 1315 1940 praetor
1360 1856 1424 1919 in
1465 1855 1780 1940 Hispania
1826 1856 2053 1938 fuerat,
2095 1863 2161 1921 et
2196 1856 2269 1923 L.
2311 1857 2568 1923 Corneli
2606 1856 2926 1942 Scipionis

574 1964 908 2049 praetoris,
977 1964 1152 2043 cuius
1199 1969 1330 2027 tum
1376 1963 1542 2028 inter
1592 1963 1748 2028 civis
1796 1970 1861 2028 et
1921 1966 2295 2049 peregrinos
2348 1963 2697 2029 iurisdictio
2762 1970 2924 2047 erat,

579 2075 650 2153 et
692 2070 764 2151 L.
811 2070 1021 2153 Fulvi,
1069 2069 1175 2151 qui
1223 2070 1420 2135 frater
1467 2089 1807 2153 germanus
1852 2076 1938 2149 et,
1986 2077 2055 2135 ut
2100 2070 2393 2135 Valerius
2440 2071 2665 2137 Antias
2711 2072 2925 2153 tradit,

577 2196 835 2243 consors
865 2176 1058 2241 etiam
1094 2176 1376 2243 censoris
1405 2182 1659 2241 erat...
1687 2226 1702 2240 .
1739 2177 2053 2243 Censores
2084 2176 2217 2242 vias
2246 2178 2621 2244 sternendas
2654 2179 2831 2245 silice
2859 2179 2927 2245 in

575 2285 751 2368 urbe,
783 2284 1008 2369 glarea
1037 2288 1220 2349 extra
1247 2286 1466 2348 urbem
1489 2283 1944 2349 substruendas
1976 2283 2548 2367 marginandasque
2583 2286 2763 2370 primi
2790 2308 2928 2353 om-

575 2391 742 2455 nium
791 2392 1178 2472 locaverunt,
1224 2396 1576 2476 pontesque
1624 2390 1835 2456 multis
1884 2393 2042 2457 locis
2085 2390 2449 2473 faciendos3
2516 2399 2581 2457 et
2626 2413 2925 2459 scaenam

574 2497 888 2565 aedilibus
934 2497 1457 2583 praetoribusque
1503 2496 1963 2583 praebendam,
2011 2505 2074 2562 et
2114 2518 2405 2563 carceres
2440 2498 2506 2563 in
2551 2498 2916 2565 cire-o....“

787 2606 881 2673 Of.
929 2606 1138 2686 XLII,
1192 2606 1308 2671 10:
1363 2606 1498 2691 „Eo
1549 2626 1717 2671 anno
1764 2607 2029 2671 lustrum
2076 2606 2393 2671 conditum
2441 2613 2577 2688 est3
2626 2626 2923 2672 censores

575 2721 756 2781 erant
795 2716 870 2792 Q.
919 2713 1182 2785 Fulvius
1254 2713 1576 2806 (Flaccus,
1623 2713 1699 2779 A.
1747 2711 2134 2799 Postumius)
2198 2713 2505 2796 Albinus3
2564 2714 2924 2779 Postumius

574 2822 876 2887 condidit.
953 2821 1162 2887 Gensa
1208 2826 1354 2885 sunt
1400 2818 1629 2884 civium
1690 2820 2117 2886 Romanorum
2184 2820 2399 2905 capita
2453 2822 2726 2885 ducenta
2772 2871 2787 2885 .
2836 2868 2853 2885 .
2906 2868 2922 2885 .

574 2929 812 3011 Omnis,
897 2949 1054 3011 quos
1126 2936 1348 2994 senatu
1423 2933 1756 2994 moverunt
1830 2928 2180 3010 quibusque
2259 2946 2457 3009 equos
2530 2928 2922 3009 ademerunt,

575 3036 857 3102 aerarios
921 3036 1205 3102 fecerunt
1253 3041 1318 3100 et
1363 3035 1530 3099 tribu
1576 3042 1927 3117 moverunt,
1974 3054 2180 3117 neque
2240 3037 2322 3100 ab
2372 3036 2574 3101 altero
2640 3040 2926 3101 notatum

573 3146 736 3211 alter
787 3145 1104 3230 probavit.
1171 3143 1433 3208 Fulvius
1481 3142 1712 3207 aedem
1758 3144 2081 3208 Fortunae
2130 3143 2462 3225 equestriS,
2530 3163 2721 3224 quam
2782 3164 2925 3227 pro-

574 3253 793 3318 consul
830 3298 848 3317 .
889 3301 904 3317 .
946 3301 961 3315 .
1002 3257 1291 3331 voverat,
1339 3250 1519 3315 annis
1565 3269 1702 3331 sex,
1752 3254 2085 3334 postquam
2132 3255 2419 3330 voverat,
2470 3249 2812 3332 dedicavit,
2860 3256 2935 3319 et

572 3358 900 3430 scaenicos
945 3358 1130 3424 ludos
1174 3377 1290 3443 per
1337 3356 1777 3439 quadriduum,
1827 3377 2015 3421 unum
2064 3356 2231 3421 diem
2277 3358 2340 3421 in
2388 3357 2556 3423 circo
2602 3357 2818 3424 fecit.“

790 3465 885 3531 Cf.
924 3466 1171 3544 XLIII,
1225 3465 1521 3546 14-163
1581 3463 1662 3528 cf.
1712 3464 2025 3545 XXXIX,
2066 3463 2191 3545 403
2240 3464 2348 3543 42,
2398 3463 2480 3548 53
2528 3464 2637 3545 44,
2710 3465 2919 3530 1—-82

790 3573 967 3650 Quae
1015 3573 1312 3655 exempla
1369 3572 1584 3635 multis
1647 3571 1870 3653 augeri
1926 3577 2208 3656 possunt.
2304 3570 2437 3637 Sed
2492 3572 2728 3635 nemini
2776 3570 2925 3653 quin

575 3702 680 3747 res
715 3682 905 3766 plane
945 3682 1036 3746 ita
1072 3700 1143 3746 se
1179 3680 1442 3761 habeat,
1479 3679 1605 3745 iam
1647 3679 1821 3745 dubii
1860 3680 2194 3762 quicquam
2232 3678 2503 3745 restabit
2539 3678 2644 3743 vel
2681 3677 2925 3762 pauciS,

577 3808 734 3871 quos
782 3788 983 3871 attuli,
1031 3787 1190 3854 locis
1229 3786 1633 3872 comparatis.
1660 3790 1681 3831 1

790 4072 814 4111 1
853 4068 990 4133 Quin
1027 4069 1188 4125 etiam
1227 4068 1475 4125 conicere
1515 4068 1685 4123 ausim
1725 4066 1961 4140 reliquos
1986 4066 2135 4123 locos
2166 4082 2375 4134 omneS,
2418 4063 2615 4137 quibus
2646 4051 2825 4117 Livius
2856 4061 2925 4117 de

577 4155 938 4211 Romanorum
976 4154 1140 4210 rebus
1179 4152 1440 4209 scaenicis
1477 4152 1608 4221 agit,
1651 4151 1843 4207 eodem
1883 4150 2197 4207 referendos
2236 4168 2377 4217 esse,
2420 4150 2487 4205 ad
2527 4145 2739 4203 tabulas
2780 4145 2923 4214 illas,

577 4255 712 4309 quas
749 4237 858 4293 dixi
909 4238 1170 4310 publicaS.
1225 4238 1408 4311 Neque
1462 4253 1593 4291 vero
1647 4236 1942 4309 quidquam
1983 4244 2083 4303 est,
2140 4252 2237 4291 cur
2283 4236 2476 4290 harum
2528 4232 2744 4289 diffidas
2780 4230 2928 4287 fidei.

578 4320 692 4378 Hoc
729 4321 1067 4395 aliquatenus
1106 4322 1268 4378 eliam
1307 4322 1374 4378 de
1412 4320 1521 4389 Vll,
1561 4321 1596 4376 2
1636 4320 1815 4375 valere
1854 4319 2101 4385 dixerim,
2144 4319 2238 4375 ubi
2274 4320 2432 4375 ludos
2470 4320 2747 4374 scaenicos
2786 4333 2924 4372 anno

580 4407 685 4463 365
723 4425 770 4463 a.
809 4406 928 4467 Chr.
968 4424 1021 4465 n.
1061 4408 1293 4480 primum
1333 4407 1532 4461 Romae
1571 4405 1745 4460 editos
1787 4420 1905 4459 esse
1942 4404 2174 4461 traditur
2209 4404 2391 4459 verbiS
2430 4403 2543 4458 his:
2590 4402 2683 4457 «Et
2728 4404 2835 4457 hoc
2874 4410 2927 4457 et

579 4492 884 4567 insequenti
923 4508 1061 4549 anno
1088 4492 1143 4552 C.
1180 4490 1414 4565 Sulpicio
1455 4490 1655 4563 Petico,
1697 4488 1751 4549 C.
1776 4489 1976 4546 Licinio
2017 4489 2231 4546 Stolone
2272 4488 2582 4545 consulibus
2621 4485 2925 4560 pestilentia
