3175 5109
1569 362 1927 419 -8-

781 551 963 616 Evrr.
1011 551 1182 615 L1v11
1230 571 1475 615 xrxnr:
1738 548 1744 669 Ι
1958 547 2209 611 VALER.
2255 546 2425 611 MAx.
2473 570 2543 626 11,
2590 568 2641 630 4,
2680 568 2758 619 2:

751 694 950 780 „Cum
1007 695 1282 759 locatum
1330 716 1370 758 a
1415 692 1689 759 censori·
1979 689 2199 774 „Quae
2256 688 2417 773 (scil.
2487 690 2765 772 theatra)
2826 692 2921 755 in-

569 803 688 868 bus
734 802 1047 866 theatrum
1098 808 1543 882 exstrueretur,
1798 800 2029 864 choata
2075 797 2331 880 quidem
2378 805 2523 862 sunt
2569 819 2609 862 a
2647 797 2921 862 Messala

570 909 643 972 P.
729 908 1024 974 Cornelio
1113 909 1347 975 Nasica
1429 914 1688 974 auctore
1798 912 1861 973 et
1909 906 2132 972 Cassio
2181 906 2586 987 censoribus3
2641 912 2926 971 ceterum·

569 1022 868 1098 tanquam
933 1015 1150 1080 inutile
1217 1024 1281 1080 ct
1339 1016 1689 1082 nociturum
1796 1021 2053 1080 auctore
2144 1014 2215 1077 P.
2302 1012 2598 1097 Scipione
2682 1012 2919 1078 Nasica

567 1123 837 1208 publicis
917 1123 1196 1189 moribus
1270 1143 1351 1189 cx
1429 1130 1689 1189 senatus
1796 1140 2043 1187 omnem
2070 1126 2443 1206 apparatum
2468 1119 2677 1204 operis
2702 1140 2919 1186 eorum

571 1230 855 1295 consulto
906 1230 1291 1296 destructum
1337 1238 1455 1314 est,
1794 1230 2147 1295 subiectum
2210 1229 2430 1295 hastae
2497 1228 2715 1293 venire
2779 1228 2919 1312 pla-

1796 1336 1960 1417 cuit3
2008 1342 2197 1417 atque
2238 1336 2433 1401 etiam
2470 1341 2731 1402 senatus
2772 1355 2916 1401 eon-

1794 1444 1962 1511 sulto
2029 1450 2280 1509 cautum
2344 1450 2461 1525 est,
2508 1463 2591 1508 nc
2655 1444 2794 1526 quis
2852 1443 2919 1507 in

1797 1551 1953 1616 urbe
2024 1551 2366 1635 propiusve
2447 1550 2619 1616 mille
2691 1569 2918 1635 passus

1796 1657 2103 1723 subsellia
2186 1656 2519 1741 posuissel
2602 1657 2917 1723 sedensve

1795 1764 1983 1829 ludos
2012 1772 2306 1848 spectare
2336 1764 2555 1845 vellet,
2578 1771 2646 1829 ut
2674 1765 2917 1830 scilicet

1796 1872 2148 1938 remissioni
2256 1873 2603 1937 animorum
2705 1872 2917 1937 iuncta

1739 1953 1745 2120 D
1797 1979 2006 2044 standi
2064 1980 2330 2044 virilitas
2386 1978 2645 2063 propria
2688 1980 2917 2045 Roma·
2966 2062 2971 2068 ι

1740 2123 1745 2198 Ι
1796 2106 1919 2151 nae
1967 2086 2175 2170 gentis
2218 2091 2371 2152 nota
2416 2088 2644 2151 esset.“

569 2193 961 2277 populusque
1046 2191 1428 2275 aliquamdiu
1517 2199 1691 2259 stans

567 2301 753 2368 ludos
799 2300 1173 2385 spectavit-,⁴⁴

689 2530 694 2537 ·
781 2514 1124 2595 Valerium,
1172 2513 1477 2596 quidquid
1533 2515 1638 2579 hic
1691 2536 1831 2580 cum
1890 2516 1970 2579 de
2025 2514 2344 2596 institutiS‚
2395 2534 2556 2597 quac
2605 2513 2913 2596 dicuntur,

570 2620 865 2704 antiquie,
944 2627 1076 2685 tum
1137 2622 1217 2686 de
1272 2621 1437 2687 ludis
1497 2622 1806 2688 scaenicis
1868 2622 2157 2705 disserat,
2235 2642 2270 2687 e
2330 2621 2513 2685 Livio
2574 2622 2915 2705 sumpsisse

566 2727 906 2793 verisimile
954 2749 1096 2794 esse
1147 2724 1481 2809 concedeS,
1532 2730 1586 2794 si
1623 2729 1985 2794 universam
2022 2736 2229 2794 rerum
2265 2728 2625 2813 respexeris
2662 2728 2912 2793 seriem.

567 2835 762 2899 Velut
807 2854 972 2917 quae
1019 2836 1418 2921 paragrapho
1475 2836 1666 2900 tertia
1721 2836 1800 2900 de
1859 2842 2218 2902 senatorum
2272 2837 2336 2900 in
2390 2835 2557 2900 ludis
2604 2836 2915 2900 scaenicis

567 2942 724 3007 locis
771 2964 810 3006 a
853 2942 1045 3025 plebe
1093 2943 1406 3027 separatis
1445 2943 1741 3008 Valerius
1780 2942 1951 3023 dicit,
2001 2943 2210 3007 eidem
2249 2942 2492 3007 auctori
2529 2942 2674 3024 quin
2716 2943 2914 3007 debc-

567 3056 770 3130 antur,
811 3050 1070 3114 dubium
1109 3071 1233 3115 non
1274 3056 1389 3133 est,
1430 3056 1498 3114 ut
1535 3042 1751 3135 paullo
1788 3049 1956 3113 infra
1991 3072 2052 3134 p.
2095 3050 2179 3113 22
2218 3069 2312 3131 sq.
2352 3050 2702 3114 ostendam.
2752 3050 2914 3113 Tum

568 3158 925 3241 exemplum
982 3156 1138 3221 illud
1196 3160 1260 3241 (ξ
1316 3158 1406 3242 4),
1484 3177 1608 3237 quo
1679 3157 1758 3221 de
1828 3157 2117 3221 ludorum
2183 3156 2615 3221 scaenicorum
2672 3155 2914 3242 origine

569 3263 883 3348 copiosius
923 3264 1074 3349 agit,
1124 3283 1204 3327 ex
1242 3262 1403 3327 Livii
1443 3263 1621 3350 (VII,
1666 3264 1732 3351 2)
1773 3263 2014 3329 eisdem
2054 3262 2188 3329 fere
2226 3263 2438 3329 verbis
2478 3263 2914 3348 depromptum

569 3390 710 3435 esse
757 3389 941 3435 nemo
988 3391 1114 3435 non
1159 3372 1356 3440 videt.

782 3478 914 3542 Iam
964 3477 1244 3561 singula·
1273 3478 1724 3545 examinemus.
1815 3479 1911 3542 Ac
1965 3479 2231 3562 primum
2289 3479 2542 3562 quidem
2599 3478 2912 3543 theatrum

569 3606 609 3651 a
658 3585 1025 3650 censoribus
1079 3585 1355 3650 locatum
1412 3584 1689 3650 nondum
1738 3584 2025 3651 omnibus
2072 3585 2359 3669 partibus
2408 3590 2792 3651 exstructum
2839 3586 2912 3649 P.

568 3692 862 3757 Cornelio
911 3692 1208 3777 Scipione
1256 3697 1516 3757 auctore
1565 3712 1645 3757 ex
1692 3699 1951 3757 senatus
2001 3693 2287 3758 consulto
2336 3693 2722 3758 destructum
2771 3712 2913 3758 esse

568 3805 830 3881 uterque
887 3800 1144 3864 exhibet
1200 3801 1486 3884 scriptor.
1580 3801 1807 3882 Neque
1862 3820 2014 3865 vero
2078 3802 2144 3865 in
2211 3819 2287 3866 eo
2341 3799 2725 3865 haerendum
2793 3806 2911 3876 est,

567 3905 736 3986 quod
792 3905 962 3990 apud
1021 3907 1270 3972 Livium
1327 3914 1588 3973 senatus
1648 3908 1935 3988 consulti,
2019 3907 2184 3989 quod
2242 3906 2535 3972 Valerius
2590 3906 2655 3970 in
2712 3908 2913 3973 altera

567 4012 863 4097 exempli,
913 4013 1081 4095 quod
1119 4021 1327 4095 vocat,
1364 4021 1546 4099 parte
1586 4013 1756 4091 dicit,
1797 4034 1919 4097 quo
1958 4013 2265 4079 subsellia
2298 4014 2362 4078 in
2400 4012 2565 4077 ludis
2604 4014 2913 4078 scaenicis

566 4140 800 4203 ponere
848 4121 1117 4185 Romani
1164 4127 1477 4205 vetantur,
1527 4122 1761 4187 mentio
1810 4141 1933 4187 non
1980 4120 2070 4185 fit.
2166 4120 2298 4187 Sed
2345 4126 2565 4185 teneas
2612 4122 2913 4187 memoria

779 4386 801 4425 1
842 4383 916 4439 ft.
965 4392 1068 4440 act.
1116 4385 1226 4440 lud.
1275 4402 1417 4441 saec.
1457 4404 1504 4441 v.
1547 4386 1649 4441 100
1687 4403 1788 4459 sq:
1837 4384 2027 4441 «nullis
2080 4385 2267 4459 positis
2319 4385 2635 4454 sedilibus»,
2691 4403 2795 4459 quo
2844 4370 2933 4442 de·

564 4465 684 4523 loco
724 4467 809 4541 egi
845 4468 984 4525 infra
1021 4486 1071 4542 p.
1105 4470 1189 4525 40.
