3175 5109
1605 362 2001 418 ..10-

845 546 1105 614 Orosius
1143 567 1282 613 cum
1319 548 1503 631 plura
1544 565 1729 629 quam
1756 548 2141 633 Augustinus
2169 549 2417 631 afferat,
2446 568 2525 614 ex
2556 547 2665 614 illo
2697 546 2971 635 pendere

626 676 754 723 non
800 660 1033 741 potest,
1094 674 1476 739 quamquam
1531 656 1734 721 verba
1788 662 2073 723 extrema
2116 658 2437 742 utriusque
2495 676 2701 741 paene
2746 657 2975 723 eadem

630 770 793 829 sunt.
887 763 1135 828 Etenim
1194 763 1363 847 quod
1420 763 1819 829 consentiunt
1864 765 2029 831 inter
2082 784 2151 831 se
2207 765 2318 848 illi,
2383 763 2730 830 offensione
2780 769 2974 844 caret,

629 872 683 936 si
737 877 1070 955 utrumque
1125 890 1206 935 ex
1262 869 1488 937 eodem
1547 877 1807 938 auctore
1874 873 2162 939 hausisse
2218 870 2529 957 ponimuS‚
2597 870 2703 954 qui
2758 870 2975 937 Livius

627 980 766 1066 ipse
812 1000 938 1045 non
985 985 1142 1059 erat,
1189 979 1378 1044 immo
1425 979 1698 1065 epitome
1748 981 2060 1064 quaedam
2098 982 2371 1046 Liviana
2408 978 2765 1063 deperdita.
2834 979 2973 1043 Hoc

628 1087 940 1153 assentior
985 1087 1526 1171 ZangemeisterO,
1573 1088 1680 1170 qui
1727 1089 2252 1155 commentatione
2313 1088 2395 1154 de
2434 1085 2565 1151 Titi
2604 1085 2772 1150 Livii
2811 1083 2976 1170 peri-

630 1196 806 1262 ochis
829 1199 850 1241 ¹
917 1193 1295 1261 Niebuhrii2
1354 1200 1419 1259 et
1461 1195 1883 1261 Mommseni3
1946 1195 2220 1281 vestigia
2282 1198 2535 1260 secutus
2597 1193 2977 1277 comparatis

627 1302 794 1367 Livii
837 1300 1154 1386 periochis
1200 1308 1265 1367 et
1314 1302 1523 1369 Orosii
1567 1302 1746 1369 libris
1790 1303 1933 1369 luce
1994 1304 2225 1369 clarius
2272 1300 2709 1386 comprobavit
2767 1318 2975 1381 neque

629 1410 1064 1495 periocharum
1103 1409 1474 1495 scriptorem
1509 1430 1717 1495 neque
1757 1410 2050 1477 Orosium
2087 1411 2267 1476 Livio
2306 1410 2441 1494 niti,
2490 1407 2607 1474 sed
2642 1414 2975 1491 utrumque

629 1517 796 1582 Livii
850 1519 1128 1602 epitoma
1184 1538 1387 1600 eaque
1445 1517 1698 1602 perdita
1752 1540 1931 1585 usum
1989 1539 2161 1602 esse3
2218 1518 2366 1600 quin
2422 1517 2613 1582 etiam
2674 1521 2977 1601 excerpta

629 1625 918 1706 Liviana,
969 1646 1132 1709 quae
1170 1624 1236 1689 in
1270 1625 1605 1711 Augustini
1650 1626 1829 1693 libris
1867 1626 1945 1692 de
2001 1627 2261 1692 civitate
2300 1623 2407 1692 dei
2453 1624 2662 1689 adhuc
2699 1628 2975 1703 exstant,

630 1733 858 1799 eadem
925 1753 1005 1798 ex
1063 1731 1344 1817 epitoma
1401 1731 1663 1799 fluxisse
1718 1733 2008 1815 coniecit,
2057 1755 2138 1799 ex
2196 1754 2319 1817 qua
2380 1731 2595 1814 ceteri,
2646 1730 2752 1813 qui
2810 1728 2975 1794 Livii

629 1840 824 1906 libros
871 1841 1322 1925 excerpserint,
1371 1847 1663 1906 auctores
1708 1842 2014 1926 pendent.
2771 1836 2793 1858 ⁶

842 1948 1022 2012 Haec
1066 1946 1260 2033 igitur
1296 1947 1534 2013 Livius.

841 2055 941 2120 Ex
987 2055 1107 2119 hac
1152 2055 1321 2120 Livii
1373 2057 1735 2122 narratione
1793 2061 2185 2141 spectatores
2240 2061 2390 2121 ante
2448 2072 2680 2119 annum
2741 2052 2868 2116 154
2915 2072 2975 2117 a.

629 2161 776 2229 Chr.
824 2182 885 2227 n.
933 2162 998 2226 in
1056 2163 1306 2229 theatro
1370 2165 1645 2244 stetisse,
1706 2170 1775 2229 ut
1830 2163 2209 2229 Ritschelius
2258 2163 2411 2242 vult,
2471 2182 2595 2227 non
2642 2160 2975 2244 colligitur.

629 2271 829 2334 Immo
880 2269 1122 2336 sedisse
1168 2277 1313 2336 ante
1353 2271 1518 2336 hunc
1557 2292 1789 2337 annum
1818 2277 1926 2337 aut
1956 2292 2175 2337 omnes
2204 2277 2313 2336 aut
2340 2270 2679 2356 plerosque
2709 2273 2977 2353 apparet

629 2396 710 2441 ex
747 2377 963 2443 verbis
1006 2379 1438 2463 „populusque
1477 2380 1867 2461 aliquamdiu
1906 2386 2077 2444 stans
2106 2378 2291 2444 ludos
2320 2376 2698 2463 spectavit,“
2751 2375 2977 2459 quibus

626 2505 749 2550 non
800 2484 1244 2568 satisfacimus,
1303 2487 1360 2552 si
1399 2506 1540 2551 cum
1589 2486 1938 2553 Ritschelio
1975 2487 2314 2571 plerosque
2354 2470 2745 2571 spectatores
2784 2483 2977 2549 sellas

627 2583 843 2657 secum
891 2592 1177 2659 attulisse
1224 2594 1572 2661 statuimus,
1665 2593 1902 2662 Nititur
1960 2594 2069 2659 ille
2132 2593 2386 2677 quidem
2430 2591 2671 2658 Valerii
2716 2590 2978 2657 Maximi

627 2699 840 2765 verbis
885 2700 1043 2766 illis:
1099 2708 1327 2785 „atque
1375 2702 1566 2767 etiam
1614 2708 1870 2768 senatus
1919 2702 2204 2766 consulto
2253 2707 2505 2765 cautum
2552 2704 2671 2780 est,
2717 2718 2799 2763 ne
2838 2698 2978 2781 quis

627 2802 692 2867 in
729 2803 887 2868 urbe
924 2804 1266 2887 propiusve
1306 2803 1482 2869 mille
1520 2825 1747 2889 passus
1784 2804 2089 2870 subsellia
2125 2803 2413 2888 posuisse
2452 2804 2764 2871 sedensve
2792 2806 2977 2870 ludos

627 2916 918 2993 spectare
945 2910 1202 2976 vellet.“
1255 2911 1387 2978 Sed
1423 2912 1582 2977 haec
1620 2932 1768 2975 num
1806 2932 1846 2977 a
1874 2910 2220 2976 Ritschelio
2258 2917 2434 2977 recte
2472 2912 2597 2978 sint
2631 2912 2975 2993 intellecta,

628 3017 982 3102 videamus,
1030 3039 1235 3101 eoque
1283 3019 1650 3103 diligentius
1696 3019 2048 3101 videamus,
2112 3019 2262 3101 quia
2326 3018 2448 3085 hoc
2511 3020 2694 3102 quasi
2754 3018 2979 3084 funda—

628 3130 842 3191 mento
906 3132 1044 3192 tota
1117 3127 1252 3193 eius
1315 3126 1713 3193 ratiocinatio
1786 3126 2087 3192 innititur.
2171 3126 2379 3210 Ipsius
2440 3127 2561 3192 viri
2634 3125 2981 3194 doctissimi

627 3231 842 3298 verbis
923 3234 1015 3298 uti
1094 3234 1287 3300 liceat
1351 3235 1418 3319 (1.
1489 3255 1542 3298 c.
1611 3255 1675 3318 p.
1741 3234 1933 3317 213):
2003 3235 2205 3318 „Was
2287 3259 2407 3299 aus
2476 3236 2707 3299 diesem*
2768 3232 2979 3299 Gesetz

623 3342 740 3424 fiir
803 3365 924 3406 uns
987 3343 1450 3429 unzwct'felkaft
1510 3344 1879 3430 hew⁴vor9eht,
1953 3344 2033 3407 ist
2094 3343 2263 3425 doch,
2326 3344 2474 3407 dass
2546 3367 2609 3407 es
2674 3366 2781 3407 vor
2844 3343 2979 3405 599

629 3449 794 3531 (154
852 3472 913 3513 a.
981 3447 1126 3516 Chr.
1195 3449 1288 3533 n.)
1353 3451 1552 3514 ablich
1615 3474 1761 3531 war,
1825 3451 1954 3514 sich
2025 3453 2235 3515 seinen
2307 3453 2556 3538 eiyenen
2617 3448 2816 3515 Sessel
2876 3451 2979 3513 ins

637 3556 898 3619 Theater
976 3557 1445 3643 mitzubrinyen,
1528 3580 1707 3622 ‘tt-evm
1782 3580 1930 3621 man
2011 3558 2179 3622 ‘nicht
2256 3560 2458 3622 stehen
2542 3558 2750 3636 wollte,
2830 3558 2980 3621 dass

630 3687 692 3726 es
771 3663 901 3727 also
963 3664 1130 3750 feste
1194 3663 1528 3749 Sitzpliitze
1592 3665 1744 3729 noch
1802 3687 1925 3749 yar
1984 3666 2149 3728 nicht
2208 3666 2346 3751 qab,
2411 3665 2558 3728 dass
2638 3664 2981 3749 uberhaupt

631 3771 1171 3858 halbkreisformiq
1229 3772 1468 3837 erho‘hte
1531 3770 1893 3853 Sitzreihen,
1958 3771 2215 3858 gradus,
2280 3774 2347 3835 in
2420 3772 2556 3836 dem
2627 3772 2981 3859 damaliqen

846 4034 868 4073 ²
907 4029 980 4087 Cf.
1026 4028 1410 4102 «Festschrift
1451 4047 1572 4092 zur
1612 4034 1986 4104 Beqriissunq
2036 4031 2145 4086 der
2180 4033 2272 4088 36.
2315 4029 2978 4102 Philoloqenversamm-

632 4116 827 4188 (unqu.
865 4115 1179 4184 Karlsruhe‚
1223 4134 1276 4189 p.
1313 4116 1381 4172 87
1421 4134 1501 4189 sq.

845 4217 869 4255 2
907 4212 981 4270 Cf.
1019 4213 1281 4283 Niebuhr,
1330 4217 1660 4270 R'omz‘sche
1699 4212 2093 4283 Geso-latente,
2134 4212 2263 4281 1112,
2306 4230 2359 4286 p.
2398 4213 2530 4281 479;
2573 4229 2625 4286 p.
2654 4212 2790 4281 500,
2834 4213 3009 4269 idem-

639 4300 1023 4371 «Vorlrc‘cqe»,
1064 4299 1332 4371 10846),
1376 4315 1426 4371 p.
1466 4299 1552 4355 58.

843 4397 869 4437 3
924 4393 996 4450 Cf.
1053 4394 1367 4463 Mommsen,
1433 4398 1570 4449 «Die
1628 4396 1885 4450 Chronil·
1945 4394 2048 4449 des
2111 4394 2511 4449 Cassiodorus
2572 4396 2855 4451 Senator
2921 4391 2977 4447 in

639 4478 967 4537 «Abhandl.
1007 4482 1067 4538 d.
1110 4486 1165 4537 K.
1205 4484 1257 4537 S.
1297 4483 1424 4538 Ges.
1469 4480 1527 4537 d.
1580 4484 1782 4552 We'ss.·,
1826 4478 1955 4548 V111,
1998 4496 2049 4551 p.
2086 4478 2223 4550 5523
2266 4494 2317 4553 p.
2356 4478 2479 4536 696.
