3175 5109
1175 415 1568 487 ...13-

195 603 442 699 opinor,
509 612 604 679 vi's
665 602 851 680 inest.
910 614 1003 678 Ac
1064 614 1335 698 primum
1398 612 1558 679 haec
1623 612 1760 679 fere
1816 602 2070 680 tradere
2120 618 2338 680 auctor
2385 604 2539 681 mihi

193 722 485 788 videtur:
551 722 859 788 subsellia
903 724 971 787 in
1018 722 1173 787 urbe
1221 720 1563 805 propiusve
1610 721 1783 788 mille
1816 724 2055 806 'passus
2093 722 2159 786 in
2223 728 2545 807 posterum

189 831 361 897 ludis
434 833 583 915 poni
631 837 890 894 senatus
971 832 1194 894 vetuit.
1272 829 1459 906 Quod
1533 838 1789 895 senatus
1856 830 2209 895 consultum
2282 831 2367 895 ad
2434 850 2545 896 eos

189 940 590 1023 potissimum
663 938 953 1023 pertinet,
1019 936 1126 1019 qui
1193 936 1496 1002 subsellia
1553 938 1897 1021 ponebant,
1967 937 2035 1001 id
2102 943 2237 1003 est:
2306 938 2544 1004 theatri

192 1066 458 1111 caveam
507 1046 831 1136 subselliis
876 1045 1292 1109 instruebant.
1386 1044 1568 1109 Hanc
1616 1065 1831 1111 curam
1870 1046 2019 1109 inde
2068 1047 2149 1110 ab
2199 1066 2363 1111 anno
2417 1047 2544 1112 174

191 1174 250 1218 a.
301 1153 448 1220 Chr.
496 1140 576 1217 ni·
625 1153 1106 1236 magistratibus
1161 1152 1344 1217 ludos
1393 1152 1733 1217 edentibus
1781 1152 2061 1217 delatam
2112 1173 2255 1220 esse
2327 1154 2542 1238 paullo

188 1259 354 1325 infra
435 1260 788 1327 ostendam.
873 1260 1035 1323 Tum
1108 1260 1330 1339 verba,
1397 1278 1560 1341 quae
1646 1260 2110 1342 subsequuntur
2188 1260 2543 1339 „sedensve

187 1368 376 1433 ludos
433 1373 724 1451 spectare
788 1367 1052 1447 vellet“‚
1119 1365 1204 1431 ad
1268 1386 1398 1446 eOS,
1456 1367 1564 1447 qui
1630 1365 1695 1429 in
1762 1367 2083 1431 subselliis
2145 1368 2272 1433 illis
2338 1370 2542 1433 consi-

190 1475 450 1556 debant,
507 1478 848 1559 pertinent,
897 1480 1292 1558 spectatores
1341 1472 1504 1537 dico,
1589 1474 1711 1539 Hic
1775 1494 1998 1540 sensus
2060 1481 2231 1540 certe
2276 1476 2541 1541 subesse
2600 1544 2605 1551 ,

187 1590 403 1667 potest
447 1583 662 1649 verbis
727 1583 880 1665 illis,
935 1583 1147 1662 immo,
1196 1602 1323 1646 non
1387 1587 1602 1665 potest
1664 1602 1791 1647 non
1856 1583 2139 1647 subesse.
2224 1583 2541 1647 Ponamus

188 1690 356 1755 enim
437 1710 539 1755 me
615 1710 827 1755 errare
912 1690 1235 1771 verbaque
1319 1690 1434 1753 illa
1512 1687 1599 1769 id,
1685 1689 1855 1769 quod
1927 1691 2061 1754 vult
2132 1689 2544 1773 RitscheliUS,

185 1798 568 1884 significare,
622 1798 749 1863 iam
815 1818 924 1862 cur
976 1796 1040 1861 in
1103 1798 1236 1876 1110,
1296 1796 1376 1861 de
1444 1816 1566 1877 quo
1634 1798 1861 1880 agitur,
1931 1802 2187 1861 senatus
2254 1799 2539 1864 consulto

183 1907 346 1970 haee·
409 1905 500 1970 ita
564 1905 878 1969 disiuncta
940 1904 1082 1985 sint,
1156 1903 1672 1986 iurequispiam
1740 1911 2022 1984 quaerat.
2103 1903 2271 1980 Quid
2348 1907 2537 1985 enim,

185 2012 238 2077 si
293 2032 363 2075 re
419 2032 576 2078 vera
623 2012 705 2077 de
761 2012 938 2077 sellis
995 2032 1034 2075 a
1079 2010 1345 2093 singulis
1402 2010 1867 2093 spectatoribus
1924 2010 2007 2074 ad
2061 2010 2246 2076 ludos
2310 2032 2539 2095 appor-

183 2118 334 2182 tatis
419 2120 686 2203 cogitari
766 2125 1004 2205 posset,
1085 2118 1235 2183 novi
1319 2117 1811 2200 comperiremus
1887 2116 2101 2183 verbis
2182 2118 2536 2203 „sedensve

179 2223 368 2291 ludos
414 2232 705 2310 spectare
750 2228 1011 2307 vellet“,
1061 2225 1232 2307 quid,
1282 2224 1452 2306 quod
1499 2244 1624 2290 non
1670 2224 1911 2290 inesset
1957 2225 2023 2288 in
2070 2225 2303 2308 verbis,
2372 2246 2533 2309 quae

181 2332 566 2397 antecedunt
585 2332 618 2397 ⁴?

397 2448 576 2513 Haec
635 2448 829 2535 igitur
893 2453 1054 2530 sunt,
1106 2453 1172 2511 ut
1219 2446 1301 2511 ad
1349 2446 1769 2530 Augustinum
1816 2446 2096 2529 redeam,
2168 2448 2277 2513 illa
2341 2450 2535 2529 „sub-

181 2554 390 2637 sellia,
466 2556 691 2638 quibus
739 2556 822 2619 ad
866 2556 1086 2620 horam
1155 2554 1474 2637 congestis
1520 2554 1581 2617 in
1622 2553 1911 2619 ludorum
1958 2556 2326 2639 spectaculo
2404 2558 2531 2621 iam

181 2665 274 2727 uti
337 2662 562 2728 civitas
629 2664 990 2747 coeperat.“
1042 2655 1222 2739 Quae
1271 2662 1470 2725 verba
1515 2659 1667 2725 nihil
1717 2660 1889 2725 aliud
1952 2662 2080 2727 sibi
2126 2662 2347 2726 volunt
2410 2664 2533 2727 nisi

179 2770 337 2836 hoc:
403 2770 666 2847 Publius
743 2769 1070 2835 Cornelius
1117 2768 1332 2852 Scipio
1407 2766 1646 2832 Nasica
1711 2768 1929 2831 consul
1996 2788 2160 2832 anno
2235 2768 2379 2854 154,
2446 2790 2524 2834 ne

179 2877 505 2941 theatrum
548 2875 778 2942 stabile
820 2874 1283 2956 aedificaretur,
1324 2874 1551 2938 saltem
1592 2893 1673 2939 ne
1711 2873 2143 2958 perficeretur,
2183 2875 2533 2960 impedivit,

182 2984 335 3066 quin
401 2983 592 3049 etiam
657 2981 1001 3063 interdixit,
1068 3002 1148 3047 ne
1214 2981 1479 3065 posthac
1542 2981 1608 3045 in
1668 2980 1901 3045 theatri
1966 3001 2169 3045 cavea
2231 2982 2535 3048 subsellia

179 3096 584 3179 ponerentur,
668 3088 735 3153 id
809 3095 960 3154 est:
1041 3109 1121 3153 ne
1207 3088 1497 3153 subitarii
1577 3086 1812 3171 gradus
1896 3094 2385 3169 exstruerentur,
2468 3090 2531 3153 in

179 3198 408 3279 quibus
471 3202 865 3281 spectatores
930 3194 1350 3261 considerent.
1416 3195 1497 3258 Hi
1566 3196 1735 3258 enim
1801 3194 2118 3259 subselliis
2172 3195 2235 3260 in
2282 3197 2531 3261 theatro

178 3304 271 3368 uti
362 3304 491 3368 iam
585 3309 730 3369 ante
822 3302 890 3368 id
989 3309 1240 3386 tempus
1332 3307 1715 3385 coeperant3
1823 3300 2133 3395 nimirum,
2219 3322 2339 3385 quo
2452 3323 2531 3368 ex

179 3431 367 3493 anno,
441 3409 540 3476 his
613 3398 948 3495 Augustini
1029 3408 1244 3474 verbis
1323 3427 1450 3472 non
1534 3406 1782 3489 dicitur,
1858 3407 1965 3491 qui
2039 3408 2296 3491 quidem
2372 3405 2566 3474 anti-‘

177 3516 498 3600 quissimis
545 3517 936 3603 temporibus
973 3521 1216 3582 stantes
1257 3499 1368 3583 eos
1413 3512 1580 3580 ludis
1627 3513 1992 3581 interfuisse
2041 3516 2331 3601 opinatus
2377 3517 2533 3582 mihi

179 3643 323 3691 esse
370 3625 640 3691 videtur.

281 3766 285 3774 ⁴
389 3741 531 3805 Hoc
581 3746 790 3805 autem
839 3745 1010 3805 certe
1059 3740 1502 3825 comprobatur
1550 3743 1945 3823 spectatores
1992 3738 2056 3803 in
2104 3740 2353 3804 theatro
2400 3739 2527 3803 iam

177 3854 326 3913 ante
391 3867 623 3912 annum
665 3848 790 3913 154
839 3846 1208 3913 consedisse
1258 3866 1521 3928 eamque
1571 3844 1943 3912 considendi
2008 3841 2535 3912 consuetudinem

178 3974 254 4020 eo
301 3954 444 4040 ipso
491 3974 654 4019 anno
700 3959 1007 4019 mutatam
1056 3973 1218 4019 esse.

389 4068 554 4135 Mira
603 4072 804 4153 *enim
884 4068 1238 4151 eademque
1320 4067 1885 4133 vehementissima
1966 4071 2317 4153 tempestas
2393 4075 2529 4133 erat

178 4160 445 4242 exorta:
526 4177 693 4260 ipso.
752 4174 920 4240 enim
1003 4176 1124 4241 hoc
1206 4196 1369 4239 anno
1446 4172 1633 4260 (154)
1708 4175 2057 4257 DiogeneS‚
2144 4175 2527 4257 CameadeS‚

178 4284 490 4352 Critolaus
571 4281 932 4367 philosophi
1015 4301 1095 4346 ex
1170 4282 1361 4347 Italia
1442 4282 1689 4366 expulsi
1772 4286 1931 4346 sunt.
2010 4282 2263 4347 Etenim
2328 4282 2527 4347 Grae-

178 4411 392 4456 corum
473 4389 938 4475 philosophiam
1031 4408 1171 4453 cum
1261 4387 1655 4473 philosophis
1747 4394 2043 4470 amotam,
2138 4388 2524 4453 Graecorum

178 4498 360 4563 ludos
417 4498 744 4564 scaenicos
792 4516 928 4559 cum
997 4514 1229 4560 scaena
1293 4496 1597 4573 sublatoS,
1666 4494 2055 4559 Graecorum
2103 4495 2411 4559 luxuriam
2462 4501 2527 4561 et
