3175 5109
1197 387 1587 446 ..47-

218 570 385 654 quod
432 590 548 637 nos
597 568 861 636 dicimus
913 571 1155 656 „himer
1196 572 1314 637 den
1359 572 1705 639 Culissen“.
1756 570 1889 638 Sed
1926 570 2029 636 hic
2068 590 2207 638 cum
2244 569 2566 649 Meinekio

214 679 387 746 haud
433 679 565 746 scio
613 699 691 744 an
739 679 822 745 sit
864 679 1206 762 legendum
1262 682 1782 765 ,,παρασκηνίοις“
1810 703 1827 763 3
1859 699 2062 763 neque
2110 699 2377 763 usquam
2415 677 2568 745 alibi

215 786 341 853 diei
387 787 640 852 videtur
690 788 800 870 „wi
846 790 1264 871 nyoomjvta‘fl

425 902 652 984 Neque
699 921 852 969 vero
898 902 1252 973 Wieselero
1317 905 1614 972 assentiri
1676 924 1956 990 possum,
2018 904 2122 986 qui
2182 905 2225 970 l.
2274 924 2327 968 c.
2382 923 2562 988 „pro-

219 1010 586 1077 scaenium“
640 1008 813 1075 idem
876 1010 980 1077 hic
1043 1011 1400 1096 significare
1465 1012 1636 1095 quod
1688 1014 1791 1097 „in
1838 1016 2184 1098 conspectu
2248 1011 2559 1076 omnium“

215 1119 578 1185 dubitanter
637 1118 996 1203 suspicatus
1062 1120 1268 1185 locum
1335 1120 1425 1187 ita
1504 1120 1889 1206 explicabat,
1950 1126 2254 1202 tanquam
2320 1118 2567 1203 legeret

215 1228 504 1310 „quasi“‚
553 1225 722 1309 quod
769 1226 1135 1312 Geppertus
1181 1228 1378 1293 etiam
1425 1229 1486 1293 in
1534 1234 1801 1309 textum,
1849 1227 1955 1310 qui
2003 1226 2252 1310 dicitur,
2298 1225 2565 1311 recepit.

429 1349 757 1417 Ritschelii
822 1358 1033 1418 autem
1099 1353 1593 1438 explicationem
1656 1354 1723 1435 (l.
1790 1372 1847 1418 c.
1916 1373 1979 1437 p.
2048 1352 2173 1417 211
2242 1351 2306 1416 in
2382 1350 2563 1432 adn.)

219 1459 738 1544 „proscaenium“
805 1458 910 1525 hic
972 1460 1259 1545 intellegi
1315 1481 1507 1546 posse
1589 1459 2097 1546 spectaculorum
2180 1457 2419 1543 gradus
2499 1457 2564 1521 in

211 1573 479 1649 utraque
545 1586 783 1632 caveae
850 1574 1034 1652 parte
1081 1588 1384 1635 scaenam
1429 1588 1655 1635 versus
1722 1567 2053 1635 continuos
2099 1566 2374 1652 probare
2436 1585 2565 1631 non

211 1693 493 1757 possum,
541 1674 833 1757 quoniam
883 1678 1198 1762 exempla,
1263 1677 1490 1759 quibus
1534 1677 1701 1742 hanc
1748 1674 2147 1742 arbitrariam
2192 1694 2373 1741 suam
2418 1694 2560 1741 sen-

212 1780 478 1846 tentiam
526 1783 988 1868 comprobaret,
1055 1783 1306 1851 omnino
1370 1805 1495 1850 non
1543 1782 1773 1850 attulit.
1866 1783 2281 1850 coniecturas
2329 1788 2561 1864 autem,

212 1888 439 1969 quibus
487 1887 922 1957 difficultatem
964 1892 1188 1958 tollere
1229 1891 1529 1958 studebat
1571 1911 1693 1977 „ne
1742 1911 1865 1973 qua
1912 1890 2072 1957 sub“
2123 1890 2231 1955 vel
2271 1910 2391 1975 „ne
2438 1908 2565 1971 qua

211 2016 329 2079 pro
376 1998 792 2080 proscaenio“
860 1998 1011 2063 ferri
1074 2020 1198 2065 non
1245 2020 1438 2085 posse
1486 2006 1664 2085 pute,
1731 2019 1869 2065 cum
1919 2005 1982 2065 et
2028 1998 2214 2064 nimis
2260 1997 2564 2064 recedant

211 2124 252 2167 a
300 2102 623 2171 codicibus
670 2125 877 2189 neque
919 2106 1176 2173 insolita
1241 2128 1319 2173 ac
1365 2108 1635 2173 molesta
1694 2108 2029 2174 verborum
2076 2107 2383 2189 ambages
2426 2104 2560 2170 ido-

210 2210 349 2275 neis
427 2209 805 2277 defendatur
887 2215 1217 2301 exemplis.
1312 2214 1536 2298 Neque
1618 2235 1772 2280 vero
1858 2236 1898 2279 a
1963 2215 2145 2280 nobis
2216 2214 2562 2298 impetrare

208 2335 564 2401 possumus,
611 2327 680 2384 ut
716 2340 892 2386 mera
922 2322 1284 2387 coniectura
1311 2322 1701 2406 argumentis
1728 2342 1853 2387 non
1878 2322 2045 2386 fulta
2074 2320 2237 2386 adeo
2268 2320 2559 2386 fidamus.

425 2434 702 2501 Ritterus
735 2441 942 2502 autem
972 2439 1232 2523 primus,
1273 2440 1576 2522 quantum
1611 2436 1763 2520 scio,
1820 2437 2182 2523 suspicatus
2237 2443 2335 2503 est
2377 2456 2561 2523 „pro-

212 2540 572 2607 scaenium“
624 2544 988 2631 significare
1035 2547 1446 2631 orchestram,
1497 2567 1652 2633 ergo
1702 2566 1941 2611 caveae
2002 2551 2270 2631 partem,
2325 2545 2389 2609 in
2438 2566 2562 2628 qua

206 2653 540 2715 senatores
603 2650 751 2717 inde
813 2655 894 2718 ab
955 2676 1119 2721 auno
1191 2656 1314 2721 195
1384 2676 1442 2721 a.
1506 2654 1653 2721 Chr.
1715 2675 1776 2718 n.
1826 2653 2158 2734 sedebant,
2226 2651 2556 2740 („All93m.

208 2754 576 2825 Schulzeit“.
623 2763 818 2844 1830,
847 2787 918 2848 p.
964 2764 1097 2828 881
1142 2764 1280 2851 sq),
1321 2762 1490 2846 quod
1534 2763 1629 2828 ita
1673 2762 1907 2848 probat
1943 2760 2296 2844 Ussingius‚
2347 2767 2415 2826 ut
2451 2768 2561 2825 aut

206 2861 493 2947 intellegi
542 2867 696 2932 velit
742 2870 948 2954 prima
1012 2877 1118 2936 aut
1183 2872 1395 2937 omnia
1442 2869 1829 2956 spectacula.
1923 2868 2131 2951 Atque
2181 2874 2351 2933 certe
2396 2868 2560 2934 haec

205 2969 341 3034 fere
386 2991 489 3035 me
552 2972 761 3041 iudice
830 2977 1228 3045 desideratur
1274 2977 1631 3045 sententia:
1698 2982 1805 3041 aut
1870 2977 2011 3041 loco
2064 2973 2428 3060 conspicuo,
2492 2975 2557 3039 id

207 3082 307 3141 est
370 3076 533 3144 inter
579 3089 925 3171 senatores,
977 3093 1084 3151 aut
1123 3077 1373 3152 omnino
1411 3085 1576 3150 inter
1613 3086 1941 3169 ingenuos,
1979 3081 2045 3147 id
2082 3089 2181 3148 est
2233 3081 2299 3147 in
2336 3102 2557 3165 cavea,

205 3186 510 3269 prologus
556 3198 852 3275 scortum,
900 3193 1144 3260 scilicet
1190 3213 1452 3279 puerum
1503 3198 1801 3274 amatum,
1848 3189 2078 3256 sedere
2124 3210 2250 3255 non
2297 3190 2556 3275 patitur.

415 3300 702 3383 Accedit,
771 3300 939 3383 quod
989 3303 1215 3368 eadem
1279 3300 1657 3389 significatio
1704 3300 1971 3365 subesse
2037 3296 2290 3362 videtur
2350 3297 2557 3363 eidem

207 3408 406 3473 verbo
435 3408 500 3472 in
527 3408 808 3475 eiusdem
846 3410 1093 3495 prologi
1126 3430 1311 3475 versu
1333 3411 1456 3475 57:
1494 3409 1740 3494 „Locus
1770 3411 2206 3492 argumentost
2230 3425 2406 3470 suom
2437 3404 2560 3472 sibi

209 3516 716 3598 proscaenium.“
786 3518 894 3584 Sic
941 3519 1002 3583 in
1042 3518 1319 3585 editione
1359 3518 1595 3583 Leonis
1635 3536 1857 3581 versus
1893 3514 1997 3580 hic
2034 3512 2283 3597 legitur.
2336 3514 2556 3579 Codex

204 3628 415 3686 autem
454 3624 505 3686 B
556 3624 814 3691 exhibet
861 3624 979 3691 hoc
1025 3627 1167 3692 loco
1221 3647 1439 3710 „suom
1487 3624 1726 3707 sibis“3
1776 3623 2031 3689 codices
2066 3621 2116 3688 C
2166 3626 2229 3685 ct
2266 3620 2325 3684 D
2371 3640 2556 3706 prae·

204 3730 357 3794 bent
409 3750 628 3814 „suom
675 3733 951 3816 scibis“;
1025 3733 1087 3798 in
1138 3733 1462 3799 codicibus
1509 3732 1593 3798 ab
1642 3731 1822 3797 Italis
1880 3729 2179 3796 correctis
2242 3728 2556 3793 invenitur

209 3856 426 3919 „suom
473 3837 658 3905 sibi“.
722 3839 860 3918 Quo
907 3840 1050 3905 loco
1099 3861 1263 3923 quae
1310 3840 1498 3906 lectio
1547 3839 1697 3905 ferri
1744 3838 1967 3923 possit,
2013 3837 2380 3921 priusquam
2429 3834 2555 3900 dis-

203 3948 551 4028 ceptemus,
601 3946 708 4029 qui
754 3949 836 4013 sit
882 3969 1089 4014 rerum
1136 3955 1489 4029 contextuS,
1556 3947 1780 4034 paucis
1830 3964 2239 4031 exponamus.
2334 3944 2553 4008 Prolo-

202 4069 343 4132 gus,
393 4071 532 4116 eum
580 4054 791 4121 edicta
828 4076 867 4121 a
903 4077 1220 4142 praecone
1266 4057 1602 4142 proposita
1650 4062 1882 4137 essent,
1925 4052 2009 4117 ad
2046 4050 2335 4117 ludorum
2377 4071 2553 4116 cura-

204 4160 374 4222 tores
447 4161 718 4245 transiit,
783 4164 889 4245 qui
957 4163 1190 4230 fabulis
1258 4164 1414 4229 actis
1464 4164 1714 4229 Graeco
1780 4179 1956 4226 more
2021 4158 2260 4245 optimo
2326 4161 2554 4241 cuique

199 4263 487 4337 histrioni
532 4272 812 4358 palmam
860 4272 1237 4353 tradebant3
1289 4292 1446 4355 quos
1484 4276 1700 4335 monet
1739 4275 1805 4333 ut
1841 4269 2014 4333 iusta
2048 4266 2258 4331 ferant
2294 4265 2551 4347 iudicia,

201 4400 326 4446 non
356 4379 700 4446 ambitione
730 4386 838 4444 aut
864 4379 1084 4444 favore
1116 4386 1430 4464 corrupta.
1461 4377 1717 4443 Deinde
1742 4376 2001 4442 fabulae
2028 4374 2279 4439 nomine
2302 4375 2551 4460 prolato

200 4488 482 4554 rationes
522 4493 786 4568 ceteras,
815 4487 854 4550 i.
889 4507 943 4552 e.
975 4487 1173 4572 ipsius
1203 4486 1558 4571 argumenti
1598 4484 2066 4549 enarrationem
2094 4481 2405 4547 relaturus
2434 4482 2550 4546 est.
