3175 5109
1133 387 1626 469 ⁶-39—

471 570 691 650 Quid?
759 570 927 655 quod
990 569 1053 638 in
1117 571 1263 637 libri
1328 570 1642 651 XXXIX,
1709 591 1846 655 cap.
1896 564 1983 635 49
2047 572 2343 654 leguntur
2403 572 2604 640 haec:

260 681 456 767 „Pars
527 678 778 745 nuntios
825 726 843 743 .
906 726 922 743 .
983 677 1394 764 praemittunt
1459 726 1476 745 .
1545 726 1562 743 .
1633 728 1649 745 .
1717 677 2279 763 Philopoemenem
2349 686 2605 766 captum

259 787 492 853 adduci
543 839 556 855 .
607 834 626 851 .
671 835 686 851 .
763 788 848 853 Et
919 787 1287 872 priusquam
1353 786 1867 877 appropinquare
1933 786 2075 853 urbi
2139 787 2295 853 satis
2370 787 2606 855 scirent

255 894 338 961 ad
383 895 816 981 spectaculum
855 914 1072 961 omnes
1116 894 1300 961 simul
1344 893 1532 960 liberi
1578 913 1655 959 ac
1700 892 1873 959 servi
1920 940 1937 956 .
1988 941 2005 959 .
2068 893 2473 961 effunduntur
2520 944 2535 960 .
2582 943 2605 964 .

253 1004 464 1088 Aegre
547 1003 999 1069 submoventes
1069 1001 1294 1068 obvios
1360 1000 1595 1067 intrare
1677 1006 1947 1085 portam,
2012 999 2118 1084 qui
2202 1001 2609 1069 adducebant

254 1111 834 1196 Philopoemenem,
882 1115 1242 1194 potuerunt.
1287 1109 1511 1191 Aeque
1561 1106 1849 1174 conferta
1894 1109 2081 1175 turba
2125 1108 2247 1175 iter
2293 1109 2603 1193 reliquum

255 1220 612 1300 clauserat3
677 1222 743 1283 et
789 1236 930 1282 cum
994 1236 1145 1302 pars
1206 1216 1486 1283 maxima
1545 1216 1811 1281 exclusa
1872 1235 1912 1279 a
1977 1216 2343 1301 spectaculo
2410 1224 2604 1300 esset,

255 1327 568 1392 theatrum
633 1330 920 1409 repente,
986 1324 1158 1407 quod
1203 1322 1625 1410 propinquum
1671 1322 1816 1389 viae
1885 1328 2042 1405 erat,
2108 1323 2605 1410 compleverunt,

255 1439 337 1516 et,
404 1440 471 1499 ut
518 1453 595 1499 eo
643 1432 1066 1498 adduceretur
1109 1432 1175 1496 in
1222 1437 1632 1517 conspectum
1678 1429 1917 1515 populi,
1987 1450 2115 1497 una
2176 1450 2345 1501 voce,
2383 1450 2604 1497 omnes

257 1540 753 1628 exposcebant.“
805 1540 985 1618 Quae
1026 1540 1226 1606 verba
1259 1539 1549 1625 intellegi
1572 1559 1699 1606 non
1721 1543 2007 1623 possunt,
2036 1539 2157 1605 nisi
2183 1543 2602 1624 spectatoreS,

254 1655 319 1713 ut
386 1647 945 1733 Philopoemenem
1011 1652 1265 1731 captum
1310 1646 1531 1713 videre
1594 1645 1861 1731 possint,
1910 1666 2098 1729 quem
2162 1645 2228 1711 iu
2300 1666 2603 1714 scaenam

254 1756 486 1823 adduci
529 1756 767 1837 volunt,
817 1774 1055 1821 caveae
1103 1753 1337 1839 gradus
1384 1755 1801 1839 complevisse
1849 1773 2182 1839 ponamus,

464 1862 704 1929 Ultimo
749 1864 893 1929 loco
943 1861 1234 1930 conferas
1281 1862 1477 1927 velim
1521 1861 1668 1929 libri
1717 1862 2031 1943 XXXXI,
2080 1880 2221 1946 cap.
2262 1862 2368 1944 20,
2416 1866 2455 1942 ξ
2514 1863 2602 1928 6:

256 1972 558 2058 „Tegeae
640 1969 955 2036 theatrum
1036 1969 1439 2053 magnificum
1512 1990 1548 2035 e
1614 1989 1927 2035 marmore
1994 1968 2208 2035 facere
2290 1968 2599 2036 instituit“

250 2077 409 2165 (scil.
475 2078 824 2145 Antiochus
881 2077 1310 2163 EpiphaneS.)·
1358 2076 1479 2142 Hic
1544 2096 1794 2159 quoque
1861 2075 1943 2143 de
2007 2077 2286 2145 maxima
2362 2077 2599 2143 theatri

249 2178 430 2272 parte
480 2186 751 2273 cogitari
795 2191 1026 2271 potest,
1077 2185 1158 2252 de
1198 2205 1401 2250 cavea
1446 2185 1584 2250 sive
1632 2183 1956 2269 gradibus.

462 2292 561 2359 Ex
606 2294 782 2359 hisce
828 2298 1096 2379 apparet
1139 2292 1374 2357 theatri
1411 2293 1696 2376 verbum,
1736 2292 1907 2377 apud
1942 2291 2189 2357 Livium
2228 2293 2337 2358 ubi
2376 2312 2596 2359 occur-

247 2402 353 2481 rit,
413 2403 784 2487 plerumque
832 2420 1094 2467 caveam
1139 2399 1428 2483 intellegi
1474 2400 1755 2465 voluisse
1820 2398 2211 2486 scriptorem,
2276 2399 2593 2466 interdum

249 2515 448 2574 totum
494 2508 870 2575 aedificium.
908 2508 1133 2591 Neque
1181 2527 1334 2573 vero
1381 2506 1853 2591 neglegendum
1893 2512 1991 2573 est
2036 2508 2268 2573 theatri
2349 2516 2597 2594 partem

249 2636 412 2698 cam,
459 2637 620 2698 quae
662 2635 801 2681 cum
838 2635 1135 2682 mansura
1170 2621 1342 2681 esset
1376 2614 1774 2698 stabilisque,
1811 2614 2085 2681 maxime
2123 2614 2593 2700 praecipueque

249 2729 386 2788 erat
433 2723 801 2807 spectanda,
849 2723 1045 2790 fuisse
1094 2728 1426 2805 caveaml,
1503 2742 1805 2789 scaenam
1854 2727 2068 2788 autem
2114 2742 2407 2807 quaeque
2455 2744 2598 2788 cum

251 2849 330 2896 ea
375 2830 826 2935 cohaerebant,
872 2831 1130 2896 minoris
1176 2830 1372 2897 fuisse
1416 2831 1743 2895 momenti.

466 2937 644 3015 Quae
693 2957 832 3002 cum
878 2937 969 3002 ita
1015 2936 1160 3020 sint,
1209 2938 1401 3003 etiam
1436 2937 1602 3019 loco,
1641 2958 1681 3003 a
1716 2956 1840 3020 quo
1879 2941 2019 3003 tota
2052 2938 2216 3003 haec
2256 2936 2597 3023 disputatio

248 3044 535 3130 profecta-
555 3051 673 3129 est,
693 3045 1046 3131 „theatrum
1067 3050 1132 3110 et
1145 3045 1586 3130 proscaenium
1610 3043 1690 3109 ad
1701 3043 2051 3129 Apollinis“
2066 3046 2265 3112 verbo
2284 3046 2593 3134 „theatri“

250 3172 491 3218 caveae
536 3152 664 3219 vim
712 3171 856 3217 esse
893 3151 1326 3218 subiciendam
1375 3152 1510 3218 sine
1548 3152 1835 3219 veritatis
1870 3172 1997 3218 non
2042 3158 2139 3218 est
2183 3097 2419 3237 spgcie.
2476 3226 2481 3229 ,

461 3259 592 3325 Sed
657 3260 883 3327 afferre
962 3260 1086 3324 iam
1162 3260 1354 3325 liccat
1416 3260 1595 3325 locos
1663 3279 1796 3342 eos,
1864 3259 2089 3342 quibus
2146 3260 2231 3325 ad
2282 3263 2592 3345 „theatri“

246 3387 472 3433 vocem
519 3368 723 3435 altera
761 3365 1036 3433 aedificii
1082 3388 1232 3452 pars
1272 3366 1490 3434 addita
1519 3372 1637 3447 est,
1680 3366 1932 3450 quique,
1982 3387 2123 3432 cum
2169 3368 2426 3435 maioris
2475 3371 2599 3436 sint

250 3473 574 3554 momenti,
621 3479 796 3541 recte
843 3474 966 3539 hac
1011 3474 1076 3538 in
1123 3497 1191 3539 re
1237 3473 1556 3540 iudicasse
1603 3496 1705 3538 me
1770 3474 2126 3539 ostendant.
2199 3475 2293 3541 Ac
2330 3476 2599 3561 primum

247 3580 324 3645 cf.
396 3582 464 3647 O.
530 3583 584 3646 I.
653 3582 722 3645 L.
788 3582 906 3664 XI,
982 3582 1161 3646 3620
1226 3581 1514 3665 (Caere):
1599 3581 1987 3663 „Theatrum
2060 3581 2416 3669 sca(ena)“,
2491 3586 2599 3651 ubi

254 3687 569 3773 „theatri“
640 3708 768 3754 vox
823 3689 1176 3772 „scaenae“
1231 3689 1521 3773 opposita
1569 3687 1719 3773 quin
1768 3687 2081 3773 significet
2129 3709 2412 3771 caveam,
2460 3692 2599 3771 fieri

245 3795 496 3861 omnino
542 3815 667 3861 non
714 3802 944 3880 potest.
2278 3820 2283 3827 ·

459 4073 480 4109 1
519 4072 594 4132 Cf.
628 4072 798 4129 Taciti
837 4073 904 4129 de
943 4073 1183 4145 Pompeii
1222 4073 1433 4129 theatro
1473 4075 1619 4145 (anu.
1659 4074 1792 4143 XlV,
1834 4074 1925 4147 20)
1964 4076 2162 4133 verba:
2223 4078 2417 4150 «·quod
2439 4094 2589 4134 man-

243 4173 425 4213 suram
482 4156 680 4213 theatri
736 4157 920 4214 sedem
973 4156 1302 4232 posuisset»,
1361 4157 1455 4213 ubi
1513 4160 1803 4215 maximam
1852 4160 2341 4234 gravissimamque
2400 4163 2598 4218 theatri

244 4250 452 4314 partem
501 4240 630 4297 dicit
677 4242 926 4314 scriptor.
993 4242 1127 4296 [tem
1177 4242 1244 4298 cf.
1291 4242 1447 4297 Gellii
1484 4242 1545 4309 X,
1603 4244 1674 4302 1:
1744 4244 1946 4316 Igitur
1982 4244 2185 4300 Ennius
2238 4253 2409 4318 recte,
2448 4245 2596 4317 quod

242 4324 523 4397 scripsit
505 4324 758 4387 Quintus
797 4334 949 4398 pater
991 4332 1244 4397 quartum
1283 4326 1344 4382 fit
1382 4327 1625 4397 consulu,
1678 4338 1732 4385 et
1769 4328 2055 4403 Pompeius
2094 4329 2301 4401 timide,
2352 4331 2503 4404 quod
2539 4330 2595 4387 in

242 4412 476 4478 theatro,
517 4426 583 4466 ne
621 4408 958 4465 adscriberet
1000 4408 1220 4467 consul
1259 4410 1504 4466 tertium
1551 4420 1647 4507 aut
1687 4412 1910 4470 «tertio.
1944 4422 2212 4471 extremas
2249 4414 2459 4471 litteras
2487 4432 2596 4471 non

244 4492 507 4566 scripsit·
2508 4514 2525 4531 ⁸
