<?xml version="1.0" encoding="UTF-8"?>
<!DOCTYPE html PUBLIC "-//W3C//DTD XHTML 1.0 Transitional//EN"
    "http://www.w3.org/TR/xhtml1/DTD/xhtml1-transitional.dtd">
<html xmlns="http://www.w3.org/1999/xhtml" xml:lang="en" lang="en">
 <head>
  <title>
</title>
<meta http-equiv="Content-Type" content="text/html;charset=utf-8" />
  <meta name='ocr-system' content='tesseract 3.04.00' />
  <meta name='ocr-capabilities' content='ocr_page ocr_carea ocr_par ocr_line ocrx_word'/>
</head>
<body>
  <div class='ocr_page' id='page_1' title='image "./quaestionesscae00bauegoog_0069.png"; bbox 0 0 3175 5109; ppageno 0'>
   <div class='ocr_carea' id='block_1_1' title="bbox 1179 410 1570 470">
    <p class='ocr_par' dir='ltr' id='par_1_1' title="bbox 1179 410 1570 470">
     <span class='ocr_line' id='line_1_1' title="bbox 1179 410 1570 470; baseline -0.005 -15"><span class='ocrx_word' id='word_1_1' title='bbox 1179 410 1570 470; x_wconf 65' lang='lat'><strong>„53-</strong></span> 
     </span>
    </p>
   </div>
   <div class='ocr_carea' id='block_1_2' title="bbox 1112 1194 1637 1295">
    <p class='ocr_par' dir='ltr' id='par_1_2' title="bbox 1112 1194 1637 1295">
     <span class='ocr_line' id='line_1_2' title="bbox 1112 1194 1637 1295; baseline -0.006 1"><span class='ocrx_word' id='word_1_2' title='bbox 1112 1194 1637 1295; x_wconf 78' lang='lat' dir='ltr'><strong>VITA.</strong></span> 
     </span>
    </p>
   </div>
   <div class='ocr_carea' id='block_1_3' title="bbox 205 1719 2567 4165">
    <p class='ocr_par' dir='ltr' id='par_1_3' title="bbox 205 1719 2567 4165">
     <span class='ocr_line' id='line_1_3' title="bbox 419 1719 2557 1807; baseline -0.005 -16"><span class='ocrx_word' id='word_1_3' title='bbox 419 1726 628 1792; x_wconf 74' lang='lat' dir='ltr'>Natus</span> <span class='ocrx_word' id='word_1_4' title='bbox 676 1743 814 1790; x_wconf 75' lang='lat' dir='ltr'>sum</span> <span class='ocrx_word' id='word_1_5' title='bbox 851 1722 1304 1789; x_wconf 82' lang='lat' dir='ltr'>Ferdinandus</span> <span class='ocrx_word' id='word_1_6' title='bbox 1340 1723 1550 1787; x_wconf 82' lang='lat' dir='ltr'>Bauer</span> <span class='ocrx_word' id='word_1_7' title='bbox 1577 1720 1903 1807; x_wconf 83' lang='lat' dir='ltr'>Augustae</span> <span class='ocrx_word' id='word_1_8' title='bbox 1931 1719 2353 1783; x_wconf 72' lang='lat' dir='ltr'>Treuerorum</span> <span class='ocrx_word' id='word_1_9' title='bbox 2393 1736 2557 1781; x_wconf 76' lang='lat' dir='ltr'>auno</span> 
     </span>
     <span class='ocr_line' id='line_1_4' title="bbox 207 1842 2557 1933; baseline -0.005 -16"><span class='ocrx_word' id='word_1_10' title='bbox 207 1850 446 1917; x_wconf 70' lang='lat' dir='ltr'>saeculi</span> <span class='ocrx_word' id='word_1_11' title='bbox 494 1850 662 1930; x_wconf 75' lang='lat' dir='ltr'>eius,</span> <span class='ocrx_word' id='word_1_12' title='bbox 701 1850 872 1931; x_wconf 70' lang='lat' dir='ltr'>quod</span> <span class='ocrx_word' id='word_1_13' title='bbox 919 1848 1272 1933; x_wconf 77' lang='lat' dir='ltr'>praeteriit,</span> <span class='ocrx_word' id='word_1_14' title='bbox 1319 1846 1568 1911; x_wconf 83' lang='lat' dir='ltr'>LXXX</span> <span class='ocrx_word' id='word_1_15' title='bbox 1616 1866 1679 1909; x_wconf 88' lang='lat' dir='ltr'>a.</span> <span class='ocrx_word' id='word_1_16' title='bbox 1728 1844 1790 1909; x_wconf 78' lang='lat' dir='ltr'>d.</span> <span class='ocrx_word' id='word_1_17' title='bbox 1839 1844 1931 1909; x_wconf 91' lang='lat' dir='ltr'>VI</span> <span class='ocrx_word' id='word_1_18' title='bbox 1976 1844 2123 1908; x_wconf 82' lang='lat' dir='ltr'>Kal.</span> <span class='ocrx_word' id='word_1_19' title='bbox 2172 1842 2557 1906; x_wconf 82' lang='lat' dir='ltr'>Februarias</span> 
     </span>
     <span class='ocr_line' id='line_1_5' title="bbox 205 1964 2559 2061; baseline -0.005 -20"><span class='ocrx_word' id='word_1_20' title='bbox 205 1981 392 2061; x_wconf 85' lang='lat' dir='ltr'>patre</span> <span class='ocrx_word' id='word_1_21' title='bbox 438 1973 727 2056; x_wconf 85' lang='lat' dir='ltr'>Matthia,</span> <span class='ocrx_word' id='word_1_22' title='bbox 777 1992 962 2056; x_wconf 89' lang='lat' dir='ltr'>quem</span> <span class='ocrx_word' id='word_1_23' title='bbox 1008 1978 1421 2057; x_wconf 85' lang='lat' dir='ltr'>praematura</span> <span class='ocrx_word' id='word_1_24' title='bbox 1464 1970 1621 2035; x_wconf 76' lang='lat' dir='ltr'>mih-i</span> <span class='ocrx_word' id='word_1_25' title='bbox 1662 1975 1865 2035; x_wconf 86' lang='lat' dir='ltr'>morte</span> <span class='ocrx_word' id='word_1_26' title='bbox 1911 1974 2063 2033; x_wconf 80' lang='lat' dir='ltr'>ante</span> <span class='ocrx_word' id='word_1_27' title='bbox 2106 1966 2391 2033; x_wconf 74' lang='lat' dir='ltr'>sedecim</span> <span class='ocrx_word' id='word_1_28' title='bbox 2423 1964 2559 2043; x_wconf 77' lang='lat' dir='ltr'>fere</span> 
     </span>
     <span class='ocr_line' id='line_1_6' title="bbox 209 2092 2559 2184; baseline -0.005 -18"><span class='ocrx_word' id='word_1_29' title='bbox 209 2120 409 2167; x_wconf 90' lang='lat' dir='ltr'>annos</span> <span class='ocrx_word' id='word_1_30' title='bbox 491 2103 776 2184; x_wconf 86' lang='lat' dir='ltr'>ereptum</span> <span class='ocrx_word' id='word_1_31' title='bbox 852 2099 1072 2182; x_wconf 84' lang='lat' dir='ltr'>lugere</span> <span class='ocrx_word' id='word_1_32' title='bbox 1139 2118 1265 2161; x_wconf 90' lang='lat' dir='ltr'>non</span> <span class='ocrx_word' id='word_1_33' title='bbox 1344 2096 1655 2177; x_wconf 83' lang='lat' dir='ltr'>desinam,</span> <span class='ocrx_word' id='word_1_34' title='bbox 1733 2100 1936 2161; x_wconf 89' lang='lat' dir='ltr'>matre</span> <span class='ocrx_word' id='word_1_35' title='bbox 1998 2092 2183 2158; x_wconf 87' lang='lat' dir='ltr'>Anna</span> <span class='ocrx_word' id='word_1_36' title='bbox 2256 2111 2292 2156; x_wconf 94' lang='lat' dir='ltr'>e</span> <span class='ocrx_word' id='word_1_37' title='bbox 2367 2095 2559 2175; x_wconf 86' lang='lat' dir='ltr'>gente</span> 
     </span>
     <span class='ocr_line' id='line_1_7' title="bbox 205 2219 2559 2306; baseline -0.003 -15"><span class='ocrx_word' id='word_1_38' title='bbox 205 2224 553 2306; x_wconf 76' lang='lat' dir='ltr'>Baehrens,</span> <span class='ocrx_word' id='word_1_39' title='bbox 612 2242 800 2305; x_wconf 90' lang='lat' dir='ltr'>quam</span> <span class='ocrx_word' id='word_1_40' title='bbox 846 2221 1118 2306; x_wconf 80' lang='lat' dir='ltr'><strong>integris</strong></span> <span class='ocrx_word' id='word_1_41' title='bbox 1163 2220 1369 2288; x_wconf 88' lang='lat' dir='ltr'>adhuc</span> <span class='ocrx_word' id='word_1_42' title='bbox 1415 2220 1505 2286; x_wconf 89' lang='lat' dir='ltr'>uti</span> <span class='ocrx_word' id='word_1_43' title='bbox 1552 2221 1835 2306; x_wconf 87' lang='lat' dir='ltr'>corporis</span> <span class='ocrx_word' id='word_1_44' title='bbox 1884 2219 2123 2285; x_wconf 86' lang='lat' dir='ltr'>viribus</span> <span class='ocrx_word' id='word_1_45' title='bbox 2169 2237 2559 2306; x_wconf 85' lang='lat' dir='ltr'>magnopere</span> 
     </span>
     <span class='ocr_line' id='line_1_8' title="bbox 209 2344 2560 2437; baseline -0.004 -22"><span class='ocrx_word' id='word_1_46' title='bbox 209 2350 485 2437; x_wconf 84' lang='lat' dir='ltr'><strong>gaudeo.</strong></span> <span class='ocrx_word' id='word_1_47' title='bbox 533 2398 538 2401; x_wconf 87' lang='lat'>-</span> <span class='ocrx_word' id='word_1_48' title='bbox 578 2345 764 2413; x_wconf 86' lang='lat' dir='ltr'>Fidei</span> <span class='ocrx_word' id='word_1_49' title='bbox 849 2346 1138 2413; x_wconf 88' lang='lat' dir='ltr'>addictus</span> <span class='ocrx_word' id='word_1_50' title='bbox 1217 2366 1354 2413; x_wconf 89' lang='lat' dir='ltr'>sum</span> <span class='ocrx_word' id='word_1_51' title='bbox 1441 2346 1817 2413; x_wconf 87' lang='lat' dir='ltr'>catholicae.</span> <span class='ocrx_word' id='word_1_52' title='bbox 1910 2344 2315 2426; x_wconf 83' lang='lat' dir='ltr'><strong>Litterarum,</strong></span> <span class='ocrx_word' id='word_1_53' title='bbox 2397 2362 2560 2426; x_wconf 89' lang='lat' dir='ltr'>quae</span> 
     </span>
     <span class='ocr_line' id='line_1_9' title="bbox 211 2466 2559 2556; baseline -0.003 -16"><span class='ocrx_word' id='word_1_54' title='bbox 211 2476 522 2555; x_wconf 86' lang='lat' dir='ltr'>dicuntur,</span> <span class='ocrx_word' id='word_1_55' title='bbox 575 2472 908 2539; x_wconf 90' lang='lat' dir='ltr'>elementis</span> <span class='ocrx_word' id='word_1_56' title='bbox 945 2473 1222 2538; x_wconf 86' lang='lat' dir='ltr'>imbutus</span> <span class='ocrx_word' id='word_1_57' title='bbox 1260 2471 1390 2537; x_wconf 88' lang='lat' dir='ltr'>adii</span> <span class='ocrx_word' id='word_1_58' title='bbox 1428 2470 1824 2556; x_wconf 85' lang='lat' dir='ltr'>gymnasium</span> <span class='ocrx_word' id='word_1_59' title='bbox 1863 2470 2281 2535; x_wconf 86' lang='lat' dir='ltr'>Fridericium</span> <span class='ocrx_word' id='word_1_60' title='bbox 2321 2466 2559 2534; x_wconf 87' lang='lat' dir='ltr'>Guilel-</span> 
     </span>
     <span class='ocr_line' id='line_1_10' title="bbox 210 2593 2559 2681; baseline -0.004 -17"><span class='ocrx_word' id='word_1_61' title='bbox 210 2602 402 2664; x_wconf 90' lang='lat' dir='ltr'>mium</span> <span class='ocrx_word' id='word_1_62' title='bbox 449 2600 869 2679; x_wconf 84' lang='lat' dir='ltr'>Treverense,</span> <span class='ocrx_word' id='word_1_63' title='bbox 917 2597 1087 2681; x_wconf 90' lang='lat' dir='ltr'>quod</span> <span class='ocrx_word' id='word_1_64' title='bbox 1147 2604 1393 2663; x_wconf 86' lang='lat' dir='ltr'>rectore</span> <span class='ocrx_word' id='word_1_65' title='bbox 1430 2596 1751 2678; x_wconf 88' lang='lat' dir='ltr'>Wirselio,</span> <span class='ocrx_word' id='word_1_66' title='bbox 1811 2593 1938 2661; x_wconf 85' lang='lat' dir='ltr'>iam</span> <span class='ocrx_word' id='word_1_67' title='bbox 1996 2594 2379 2675; x_wconf 73' lang='lat' dir='ltr'>Coloniensi,</span> <span class='ocrx_word' id='word_1_68' title='bbox 2426 2598 2559 2657; x_wconf 89' lang='lat' dir='ltr'>tum</span> 
     </span>
     <span class='ocr_line' id='line_1_11' title="bbox 210 2702 2559 2809; baseline -0.003 -20"><span class='ocrx_word' id='word_1_69' title='bbox 210 2724 443 2805; x_wconf 89' lang='lat' dir='ltr'>floruit,</span> <span class='ocrx_word' id='word_1_70' title='bbox 489 2730 721 2809; x_wconf 85' lang='lat' dir='ltr'>postea</span> <span class='ocrx_word' id='word_1_71' title='bbox 767 2724 1038 2809; x_wconf 82' lang='lat' dir='ltr'>Iltgeno.</span> <span class='ocrx_word' id='word_1_72' title='bbox 1118 2702 1521 2805; x_wconf 86' lang='lat' dir='ltr'>Maturitatis,</span> <span class='ocrx_word' id='word_1_73' title='bbox 1570 2721 1739 2805; x_wconf 88' lang='lat' dir='ltr'>quod</span> <span class='ocrx_word' id='word_1_74' title='bbox 1788 2720 2022 2803; x_wconf 89' lang='lat' dir='ltr'>dicunt,</span> <span class='ocrx_word' id='word_1_75' title='bbox 2070 2718 2431 2785; x_wconf 87' lang='lat' dir='ltr'>testimonio</span> <span class='ocrx_word' id='word_1_76' title='bbox 2468 2718 2559 2782; x_wconf 92' lang='lat' dir='ltr'>in-</span> 
     </span>
     <span class='ocr_line' id='line_1_12' title="bbox 212 2842 2563 2938; baseline -0.003 -23"><span class='ocrx_word' id='word_1_77' title='bbox 212 2854 488 2915; x_wconf 88' lang='lat' dir='ltr'>structus</span> <span class='ocrx_word' id='word_1_78' title='bbox 534 2849 1022 2938; x_wconf 79' lang='lat' dir='ltr'>Argentoratum</span> <span class='ocrx_word' id='word_1_79' title='bbox 1068 2868 1170 2913; x_wconf 90' lang='lat' dir='ltr'>me</span> <span class='ocrx_word' id='word_1_80' title='bbox 1219 2848 1475 2930; x_wconf 88' lang='lat' dir='ltr'>contuli,</span> <span class='ocrx_word' id='word_1_81' title='bbox 1545 2848 1723 2913; x_wconf 87' lang='lat' dir='ltr'>cuius</span> <span class='ocrx_word' id='word_1_82' title='bbox 1769 2848 1975 2913; x_wconf 87' lang='lat' dir='ltr'>almae</span> <span class='ocrx_word' id='word_1_83' title='bbox 2022 2846 2343 2911; x_wconf 78' lang='lat' dir='ltr'>Musarum</span> <span class='ocrx_word' id='word_1_84' title='bbox 2389 2842 2563 2909; x_wconf 84' lang='lat' dir='ltr'>sedis</span> 
     </span>
     <span class='ocr_line' id='line_1_13' title="bbox 213 2968 2560 3057; baseline -0.003 -17"><span class='ocrx_word' id='word_1_85' title='bbox 213 2974 374 3040; x_wconf 90' lang='lat' dir='ltr'>civis</span> <span class='ocrx_word' id='word_1_86' title='bbox 433 2973 523 3039; x_wconf 88' lang='lat' dir='ltr'>fui</span> <span class='ocrx_word' id='word_1_87' title='bbox 591 2979 890 3057; x_wconf 86' lang='lat' dir='ltr'>quattuor</span> <span class='ocrx_word' id='word_1_88' title='bbox 957 2993 1154 3039; x_wconf 86' lang='lat' dir='ltr'>annos</span> <span class='ocrx_word' id='word_1_89' title='bbox 1221 2980 1288 3038; x_wconf 92' lang='lat' dir='ltr'>et</span> <span class='ocrx_word' id='word_1_90' title='bbox 1345 2992 1463 3038; x_wconf 81' lang='lat' dir='ltr'>sex</span> <span class='ocrx_word' id='word_1_91' title='bbox 1509 2990 1785 3038; x_wconf 83' lang='lat' dir='ltr'>menses.</span> <span class='ocrx_word' id='word_1_92' title='bbox 1875 2973 2246 3038; x_wconf 86' lang='lat' dir='ltr'>Docuerunt</span> <span class='ocrx_word' id='word_1_93' title='bbox 2290 2989 2391 3035; x_wconf 91' lang='lat' dir='ltr'>me</span> <span class='ocrx_word' id='word_1_94' title='bbox 2440 2968 2560 3035; x_wconf 89' lang='lat' dir='ltr'>viri</span> 
     </span>
     <span class='ocr_line' id='line_1_14' title="bbox 213 3094 2565 3179; baseline -0.003 -16"><span class='ocrx_word' id='word_1_95' title='bbox 213 3100 564 3165; x_wconf 80' lang='lat' dir='ltr'>doctissimi</span> <span class='ocrx_word' id='word_1_96' title='bbox 633 3098 956 3179; x_wconf 88' lang='lat' dir='ltr'>Bresslau‚</span> <span class='ocrx_word' id='word_1_97' title='bbox 1028 3097 1331 3178; x_wconf 85' lang='lat' dir='ltr'>Gerland‚</span> <span class='ocrx_word' id='word_1_98' title='bbox 1378 3097 1641 3179; x_wconf 88' lang='lat' dir='ltr'>Heiuze,</span> <span class='ocrx_word' id='word_1_99' title='bbox 1707 3097 1832 3162; x_wconf 87' lang='lat' dir='ltr'>iam</span> <span class='ocrx_word' id='word_1_100' title='bbox 1878 3095 2329 3173; x_wconf 87' lang='lat' dir='ltr'>Berolinensis,</span> <span class='ocrx_word' id='word_1_101' title='bbox 2394 3094 2565 3178; x_wconf 88' lang='lat' dir='ltr'>Keil,</span> 
     </span>
     <span class='ocr_line' id='line_1_15' title="bbox 211 3197 2565 3305; baseline -0.002 -16"><span class='ocrx_word' id='word_1_102' title='bbox 211 3224 565 3305; x_wconf 75' lang='lat' dir='ltr'>MichaeliS,</span> <span class='ocrx_word' id='word_1_103' title='bbox 611 3224 969 3305; x_wconf 86' lang='lat' dir='ltr'>Neumann‚</span> <span class='ocrx_word' id='word_1_104' title='bbox 1031 3221 1485 3303; x_wconf 81' lang='lat' dir='ltr'>Reitzenstein,</span> <span class='ocrx_word' id='word_1_105' title='bbox 1551 3222 1802 3288; x_wconf 88' lang='lat' dir='ltr'>Sackur</span> <span class='ocrx_word' id='word_1_106' title='bbox 1847 3222 1959 3304; x_wconf 59' lang='lat' dir='ltr'>(l),</span> <span class='ocrx_word' id='word_1_107' title='bbox 2026 3197 2373 3301; x_wconf 65' lang='lat' dir='ltr'>SchwartZ,</span> <span class='ocrx_word' id='word_1_108' title='bbox 2436 3221 2565 3285; x_wconf 85' lang='lat' dir='ltr'>iam</span> 
     </span>
     <span class='ocr_line' id='line_1_16' title="bbox 211 3344 2565 3433; baseline -0.002 -20"><span class='ocrx_word' id='word_1_109' title='bbox 211 3348 675 3433; x_wconf 81' lang='lat' dir='ltr'>Gottingensis,</span> <span class='ocrx_word' id='word_1_110' title='bbox 697 3348 1068 3430; x_wconf 86' lang='lat' dir='ltr'>Thraemer,</span> <span class='ocrx_word' id='word_1_111' title='bbox 1098 3348 1558 3431; x_wconf 87' lang='lat' dir='ltr'>Varrentrapp,</span> <span class='ocrx_word' id='word_1_112' title='bbox 1591 3347 1719 3411; x_wconf 88' lang='lat' dir='ltr'>iam</span> <span class='ocrx_word' id='word_1_113' title='bbox 1750 3345 2249 3428; x_wconf 77' lang='lat' dir='ltr'>Mai-burgensis,</span> <span class='ocrx_word' id='word_1_114' title='bbox 2278 3344 2565 3411; x_wconf 87' lang='lat' dir='ltr'>Windel-</span> 
     </span>
     <span class='ocr_line' id='line_1_17' title="bbox 210 3470 2567 3557; baseline -0.001 -19"><span class='ocrx_word' id='word_1_115' title='bbox 210 3472 406 3557; x_wconf 89' lang='lat' dir='ltr'>band,</span> <span class='ocrx_word' id='word_1_116' title='bbox 453 3473 731 3557; x_wconf 74' lang='lat' dir='ltr'>Ziegler.</span> <span class='ocrx_word' id='word_1_117' title='bbox 815 3474 891 3538; x_wconf 90' lang='lat' dir='ltr'>In</span> <span class='ocrx_word' id='word_1_118' title='bbox 938 3472 1343 3539; x_wconf 86' lang='lat' dir='ltr'>seminarium</span> <span class='ocrx_word' id='word_1_119' title='bbox 1388 3471 1849 3557; x_wconf 86' lang='lat' dir='ltr'>philologicum</span> <span class='ocrx_word' id='word_1_120' title='bbox 1895 3477 1964 3535; x_wconf 93' lang='lat' dir='ltr'>ut</span> <span class='ocrx_word' id='word_1_121' title='bbox 2001 3470 2341 3555; x_wconf 85' lang='lat' dir='ltr'>reciperer,</span> <span class='ocrx_word' id='word_1_122' title='bbox 2391 3470 2567 3536; x_wconf 89' lang='lat' dir='ltr'>cuius</span> 
     </span>
     <span class='ocr_line' id='line_1_18' title="bbox 211 3596 2562 3683; baseline -0.002 -19"><span class='ocrx_word' id='word_1_123' title='bbox 211 3597 455 3665; x_wconf 86' lang='lat' dir='ltr'>sodalis</span> <span class='ocrx_word' id='word_1_124' title='bbox 502 3597 855 3664; x_wconf 87' lang='lat' dir='ltr'>ordinarius</span> <span class='ocrx_word' id='word_1_125' title='bbox 899 3598 990 3663; x_wconf 86' lang='lat' dir='ltr'>fui</span> <span class='ocrx_word' id='word_1_126' title='bbox 1035 3617 1152 3683; x_wconf 88' lang='lat' dir='ltr'>per</span> <span class='ocrx_word' id='word_1_127' title='bbox 1192 3603 1414 3681; x_wconf 83' lang='lat' dir='ltr'>quater</span> <span class='ocrx_word' id='word_1_128' title='bbox 1451 3616 1644 3663; x_wconf 90' lang='lat' dir='ltr'>senos</span> <span class='ocrx_word' id='word_1_129' title='bbox 1681 3616 1956 3678; x_wconf 75' lang='lat' dir='ltr'>menseS,</span> <span class='ocrx_word' id='word_1_130' title='bbox 2003 3616 2235 3681; x_wconf 79' lang='lat' dir='ltr'>magna</span> <span class='ocrx_word' id='word_1_131' title='bbox 2270 3596 2562 3662; x_wconf 87' lang='lat' dir='ltr'>Reitzen-</span> 
     </span>
     <span class='ocr_line' id='line_1_19' title="bbox 213 3718 2562 3810; baseline -0.002 -22"><span class='ocrx_word' id='word_1_132' title='bbox 213 3722 424 3789; x_wconf 90' lang='lat' dir='ltr'>steinii</span> <span class='ocrx_word' id='word_1_133' title='bbox 474 3730 538 3789; x_wconf 93' lang='lat' dir='ltr'>et</span> <span class='ocrx_word' id='word_1_134' title='bbox 582 3723 958 3790; x_wconf 87' lang='lat' dir='ltr'>Schwartzii</span> <span class='ocrx_word' id='word_1_135' title='bbox 1005 3743 1158 3810; x_wconf 84' lang='lat' dir='ltr'>erga</span> <span class='ocrx_word' id='word_1_136' title='bbox 1218 3742 1321 3789; x_wconf 90' lang='lat' dir='ltr'>me</span> <span class='ocrx_word' id='word_1_137' title='bbox 1368 3722 1824 3789; x_wconf 83' lang='lat' dir='ltr'>benevolentia</span> <span class='ocrx_word' id='word_1_138' title='bbox 1866 3722 2105 3789; x_wconf 87' lang='lat' dir='ltr'>factum</span> <span class='ocrx_word' id='word_1_139' title='bbox 2153 3726 2272 3788; x_wconf 87' lang='lat' dir='ltr'>est.</span> <span class='ocrx_word' id='word_1_140' title='bbox 2364 3718 2562 3785; x_wconf 85' lang='lat' dir='ltr'>Semi-</span> 
     </span>
     <span class='ocr_line' id='line_1_20' title="bbox 209 3844 2563 3933; baseline -0.003 -20"><span class='ocrx_word' id='word_1_141' title='bbox 209 3848 392 3913; x_wconf 87' lang='lat' dir='ltr'>nario</span> <span class='ocrx_word' id='word_1_142' title='bbox 419 3848 720 3914; x_wconf 88' lang='lat' dir='ltr'>historico</span> <span class='ocrx_word' id='word_1_143' title='bbox 748 3868 850 3914; x_wconf 90' lang='lat' dir='ltr'>me</span> <span class='ocrx_word' id='word_1_144' title='bbox 869 3848 1143 3933; x_wconf 85' lang='lat' dir='ltr'>libenter</span> <span class='ocrx_word' id='word_1_145' title='bbox 1169 3846 1558 3913; x_wconf 88' lang='lat' dir='ltr'>admiserunt</span> <span class='ocrx_word' id='word_1_146' title='bbox 1584 3848 1939 3931; x_wconf 86' lang='lat' dir='ltr'>Neumann,</span> <span class='ocrx_word' id='word_1_147' title='bbox 1969 3848 2138 3929; x_wconf 89' lang='lat' dir='ltr'>Keil,</span> <span class='ocrx_word' id='word_1_148' title='bbox 2170 3846 2420 3912; x_wconf 88' lang='lat' dir='ltr'>Sackur</span> <span class='ocrx_word' id='word_1_149' title='bbox 2447 3844 2563 3930; x_wconf 86' lang='lat'><strong>(†).</strong></span> 
     </span>
     <span class='ocr_line' id='line_1_21' title="bbox 209 3969 2567 4056; baseline -0.002 -17"><span class='ocrx_word' id='word_1_150' title='bbox 209 3974 789 4041; x_wconf 86' lang='lat' dir='ltr'>Exercitationibus</span> <span class='ocrx_word' id='word_1_151' title='bbox 835 3971 1287 4041; x_wconf 87' lang='lat' dir='ltr'>numismaticis</span> <span class='ocrx_word' id='word_1_152' title='bbox 1335 3979 1402 4038; x_wconf 95' lang='lat' dir='ltr'>ut</span> <span class='ocrx_word' id='word_1_153' title='bbox 1447 3973 1843 4056; x_wconf 85' lang='lat' dir='ltr'>interessem,</span> <span class='ocrx_word' id='word_1_154' title='bbox 1920 3972 2196 4056; x_wconf 83' lang='lat' dir='ltr'>benigne</span> <span class='ocrx_word' id='word_1_155' title='bbox 2253 3969 2567 4039; x_wconf 79' lang='lat' dir='ltr'>concessit</span> 
     </span>
     <span class='ocr_line' id='line_1_22' title="bbox 215 4100 585 4165; baseline -0.003 0"><span class='ocrx_word' id='word_1_156' title='bbox 215 4100 585 4165; x_wconf 82' lang='lat' dir='ltr'>Thraemer.</span> 
     </span>
    </p>
   </div>
   <div class='ocr_carea' id='block_1_4' title="bbox 212 4236 2567 4580">
    <p class='ocr_par' dir='ltr' id='par_1_4' title="bbox 212 4236 2567 4580">
     <span class='ocr_line' id='line_1_23' title="bbox 431 4236 2566 4326; baseline -0.003 -19"><span class='ocrx_word' id='word_1_157' title='bbox 431 4240 588 4307; x_wconf 84' lang='lat' dir='ltr'>Cum</span> <span class='ocrx_word' id='word_1_158' title='bbox 627 4246 772 4307; x_wconf 88' lang='lat' dir='ltr'>ante</span> <span class='ocrx_word' id='word_1_159' title='bbox 811 4241 929 4308; x_wconf 90' lang='lat' dir='ltr'>hos</span> <span class='ocrx_word' id='word_1_160' title='bbox 967 4242 1125 4308; x_wconf 87' lang='lat' dir='ltr'>duos</span> <span class='ocrx_word' id='word_1_161' title='bbox 1161 4241 1299 4309; x_wconf 88' lang='lat' dir='ltr'>fere</span> <span class='ocrx_word' id='word_1_162' title='bbox 1337 4260 1536 4307; x_wconf 91' lang='lat' dir='ltr'>annos</span> <span class='ocrx_word' id='word_1_163' title='bbox 1577 4240 2007 4326; x_wconf 86' lang='lat' dir='ltr'>amplissimus</span> <span class='ocrx_word' id='word_1_164' title='bbox 2043 4236 2566 4325; x_wconf 87' lang='lat' dir='ltr'>philosophorum</span> 
     </span>
     <span class='ocr_line' id='line_1_24' title="bbox 217 4363 2566 4451; baseline -0.001 -19"><span class='ocrx_word' id='word_1_165' title='bbox 217 4367 376 4433; x_wconf 88' lang='lat' dir='ltr'>ordo</span> <span class='ocrx_word' id='word_1_166' title='bbox 441 4366 924 4451; x_wconf 86' lang='lat' dir='ltr'>Argentinensis</span> <span class='ocrx_word' id='word_1_167' title='bbox 987 4368 1229 4434; x_wconf 84' lang='lat' dir='ltr'>civibus</span> <span class='ocrx_word' id='word_1_168' title='bbox 1289 4366 1675 4434; x_wconf 87' lang='lat' dir='ltr'>academicis</span> <span class='ocrx_word' id='word_1_169' title='bbox 1737 4366 1819 4432; x_wconf 94' lang='lat' dir='ltr'>de</span> <span class='ocrx_word' id='word_1_170' title='bbox 1883 4365 2169 4451; x_wconf 87' lang='lat' dir='ltr'>praemio</span> <span class='ocrx_word' id='word_1_171' title='bbox 2234 4363 2566 4429; x_wconf 84' lang='lat' dir='ltr'>certaturis</span> 
     </span>
     <span class='ocr_line' id='line_1_25' title="bbox 212 4490 2567 4580; baseline -0.003 -19"><span class='ocrx_word' id='word_1_172' title='bbox 212 4496 381 4561; x_wconf 88' lang='lat' dir='ltr'>hanc</span> <span class='ocrx_word' id='word_1_173' title='bbox 410 4493 845 4580; x_wconf 87' lang='lat' dir='ltr'>proposuisset</span> <span class='ocrx_word' id='word_1_174' title='bbox 884 4494 1351 4578; x_wconf 88' lang='lat' dir='ltr'>quaestionem:</span> <span class='ocrx_word' id='word_1_175' title='bbox 1390 4494 1528 4563; x_wconf 84' lang='lat' dir='ltr'>Res</span> <span class='ocrx_word' id='word_1_176' title='bbox 1567 4493 1932 4562; x_wconf 76' lang='lat' dir='ltr'>scaenicae</span> <span class='ocrx_word' id='word_1_177' title='bbox 1972 4491 2164 4577; x_wconf 74' lang='lat' dir='ltr'>apud</span> <span class='ocrx_word' id='word_1_178' title='bbox 2204 4490 2567 4560; x_wconf 77' lang='lat' dir='ltr'>Romanos</span> 
     </span>
    </p>
   </div>
  </div>
 </body>
</html>
