3175 5109
1534 468 1607 477 -.
1703 438 1770 493 12
1856 467 1927 475 ..-

557 619 752 684 ficare
801 618 973 701 quod
1017 638 1336 684 scamnum
1387 618 1530 706 (nos
1581 621 1888 705 „Bank“)
1936 626 2203 704 apparet
2257 639 2339 685 ex
2386 620 2660 685 Martial.
2708 622 2923 709 epigr.

557 725 621 805 ὃ,
669 726 792 789 41:
846 725 1113 809 „sedere
1159 728 1224 790 in
1271 727 1548 791 scamnis
1606 726 1949 809 equitum.“
2014 730 2224 809 Atque
2272 728 2587 808 convenit,
2634 728 2805 811 quod
2851 730 2921 793 iu

558 833 699 898 cod.
751 832 1200 899 Theodosiano
1247 834 1373 914 111,
1425 834 1483 917 1,
1525 834 1565 897 2
1614 834 1883 917 legitur:
1938 842 2066 919 „ut,
2116 834 2367 900 etiamsi
2410 834 2739 914 subsellia,
2787 838 2913 913 vel,

555 946 624 1003 ut
669 940 861 1023 vulgo
909 940 1103 1019 aiunt,
1167 959 1429 1005 scamna
1475 940 1898 1005 venduntur“.
1991 942 2335 1006 Praeterea.
2382 941 2673 1007 conferas
2721 944 2919 1007 velim

557 1045 771 1113 Ovidii
816 1046 992 1111 Fast.
1031 1048 1142 1126 VI,
1191 1046 1355 1111 305:
1409 1054 1600 1127 „ante
1638 1047 1818 1113 focos
1856 1048 2007 1111 olim
2043 1048 2313 1131 longis“‚
2350 1047 2419 1112 id
2457 1049 2626 1131 quod
2664 1069 2909 1135 prem0‚

559 1153 934 1237 „considere
983 1154 1256 1219 scamnis
1304 1174 1443 1219 mos
1491 1154 1738 1219 e1·at“.1

769 1260 948 1337 Quae
991 1280 1134 1324 cum
1169 1262 1264 1325 ita
1300 1263 1446 1341 sint,
1485 1260 1871 1326 Ritschelius
1907 1281 2031 1324 non
2069 1262 2165 1326 ita
2204 1260 2288 1325 ad
2328 1262 2619 1328 subsellii
2649 1265 2920 1328 verbum

553 1372 884 1451 spectasse
948 1366 1106 1431 mihi
1167 1366 1443 1448 videtur,
1511 1369 1748 1452 quippe
1818 1371 1926 1451 qui
1986 1368 2158 1434 idem
2222 1369 2358 1435 fere
2426 1378 2615 1453 atque
2691 1373 2915 1437 sellam

553 1474 920 1558 significare
988 1474 1359 1538 subsellium
1411 1475 1616 1538 velit‘2
1678 1494 1886 1556 neque
1954 1496 2127 1553 vero,
2194 1483 2263 1540 ut
2328 1477 2685 1543 ostendisse
2757 1478 2915 1543 mihi

551 1582 796 1662 videor,
847 1602 960 1647 suo
1009 1584 1168 1647 iure.

765 1689 989 1755 Redeo
1047 1688 1132 1752 ad
1177 1688 1426 1752 Valerii
1471 1688 1692 1752 verba.
1738 1689 1811 1751 In
1882 1691 2227 1755 enuntiatis
2300 1689 2433 1755 illis
2496 1690 2916 1769 secundariis,

551 1795 631 1859 de
699 1796 926 1877 qui-bus
988 1797 1227 1877 agitur:
1322 1814 1444 1873 „ne
1513 1795 1653 1875 quis
1699 1796 1766 1859 in
1812 1796 1967 1860 urbe
2018 1798 2364 1881 propiusve
2444 1797 2619 1861 mille
2681 1817 2921 1881 passus.

549 1902 858 1967 subsellia
922 1904 1211 1986 posuisse
1287 1901 1603 1965 sedensve
1666 1900 1853 1966 ludos
1914 1907 2207 1986 spectare
2272 1902 2511 1967 vellet“
2534 1907 2581 1985 3,
2649 1904 2914 1987 duplex,

766 2191 782 2226 ¹
829 2185 919 2240 llis
959 2184 1139 2239 verbis
1177 2184 1352 2241 Plauti
1389 2184 1556 2241 Stichi
1594 2185 1634 2252 l,
1677 2184 1747 2240 9⁴2
1786 2204 1865 2259 sq.
1904 2148 2113 2251 versuS‚
2157 2202 2293 2259 quos
2331 2185 2486 2242 attuli
2524 2202 2691 2257 supra
2724 2202 2779 2257 p.
2817 2187 2913 2254 11,

548 2269 928 2343 explanantur.

762 2385 787 2423 2
829 2380 979 2436 Haud
1035 2380 1192 2437 aliter
1245 2380 1448 2436 iudicat
1498 2380 1827 2435 Ribbeckius
1872 2381 1910 2437 l.
1967 2399 2013 2436 c.
2066 2398 2119 2453 p.
2154 2382 2298 2449 6493
2361 2383 2513 2439 cuius
2566 2383 2736 2438 verba
2790 2382 2913 2455 ipsa

550 2466 745 2521 afferre
791 2466 990 2521 liceat:
1037 2467 1264 2535 «Scipio
1319 2472 1504 2521 setzte
1559 2482 1621 2521 es
1677 2467 1889 2530 durch,
1929 2467 2074 2522 dass
2123 2472 2219 2523 ein
2266 2467 2766 2523 Senatsbeschluss
2811 2485 2919 2523 er-

542 2545 758 2622 folqte,
795 2550 930 2605 lant
982 2548 1262 2605 -welclzem
1307 2548 1546 2621 hinfort
1596 2554 1817 2606 lceinem
1872 2557 2153 2623 qestattet
2211 2555 2337 2606 sein
2391 2550 2587 2617 sollte,
2645 2552 2735 2607 bei
2792 2554 2908 2607 den

541 2635 775 2707 Spiele‘n
811 2622 995 2691 Sessel
1033 2632 1484 2705 auszustellen.»

759 2749 785 2788 3
823 2748 970 2801 Haec
1005 2745 1175 2800 verba
1211 2746 1382 2818 petita
1419 2752 1544 2800 sunt
1582 2762 1612 2800 e
1652 2744 1853 2800 tabulis
1905 2745 2153 2817 publicis.
2211 2745 2416 2807 Quibus
2466 2745 2737 2817 quomodo
2790 2745 2907 2800 fere

540 2830 720 2885 Livius
761 2831 829 2885 sit
866 2847 1015 2898 usuS‚
1048 2839 1108 2885 ut
1137 2846 1453 2902 cognoscaS‚
1484 2846 1778 2901 componas
1810 2829 1965 2884 velim
1996 2829 2128 2883 Livii
2156 2830 2377 2895 XXXIX,
2411 2830 2499 2897 14,
2535 2829 2568 2883 8
2600 2837 2655 2882 et
2684 2838 2919 2884 senatus

543 2913 774 2967 consulti
832 2913 900 2969 de
957 2912 1386 2970 Bacchanalibus
1436 2916 1510 2985 (a.
1568 2915 1674 2969 568
1721 2932 1776 2972 u.
1820 2915 1895 2983 c.)
1935 2915 1965 2983 ἓ
2004 2913 2217 2969 10-18
2273 2914 2353 2984 (in
2404 2913 2577 2968 Bruns
2626 2914 2757 2969 font.
2796 2914 2903 2969 iur.

540 2996 693 3053 Rom.
732 3001 891 3054 ant.⁶
931 2998 1090 3069 1893,
1133 3017 1186 3065 p.
1230 2998 1355 3069 160)
1396 2998 1605 3053 verba:

998 3124 1174 3180 Livlus
1201 3144 1214 3179 ε
2031 3122 2269 3176 SENA'rus
2306 3136 2609 3178 consummi
2639 3142 2649 3177 :

655 3220 825 3275 «edici
879 3231 1164 3293 praeterea
1214 3223 1269 3277 in
1315 3220 1454 3275 urbe
1501 3220 1670 3273 Roma
1885 3220 2058 3276 «Neve
2100 3222 2324 3292 posthac
2360 3219 2502 3275 inter
2542 3218 2639 3273 sed
2678 3220 2911 3275 coniou-

541 3314 596 3359 et
649 3322 748 3377 per
798 3313 966 3361 totam
1011 3306 1219 3361 ltaliam
1271 3305 1449 3361 edicta
1504 3304 1665 3371 miui,
1774 3324 1897 3363 rase
1934 3324 2072 3363 neve
2108 3307 2412 3362 comvovise
2455 3324 2592 3362 neve
2633 3321 2905 3377 conspon-

540 3388 786 3459 ne'quiS,
828 3390 920 3461 qui
957 3389 1180 3445 Bacchis
1219 3389 1460 3445 initiatus
1499 3398 1663 3453 esset,
1775 3390 1890 3445 dise
1929 3408 2065 3446 neve
2105 3392 2525 3464 compromesise
2565 3390 2726 3457 velet,
2768 3404 2904 3443 neve

543 3472 712 3527 coisse
739 3482 831 3527 aut
859 3474 1178 3529 convenisse
1203 3490 1481 3529 sacrorum
1505 3491 1668 3529 causa
1775 3476 2059 3548 quisquam
2125 3476 2287 3531 fidem
2354 3476 2497 3530 inter
2562 3476 2658 3530 sed
2715 3473 2913 3529 dedise

540 3556 668 3611 velit
736 3573 844 3611 neu
907 3556 1037 3629 quid
1115 3556 1232 3612 talis
1306 3557 1387 3613 rei
1451 3557 1663 3613 divinae
1773 3560 1933 3615 velet.
1967 3560 2131 3616 Sacra
2159 3561 2214 3615 iu
2243 3559 2503 3633 oquoltod
2524 3578 2592 3615 ne
2614 3560 2903 3631 quisquam

538 3641 731 3696 fecisse
762 3660 786 3692 »
1181 3712 1186 3717 ⁸
1770 3645 1935 3701 fecise
1986 3645 2129 3701 velet
2178 3662 2316 3700 neve
2364 3646 2420 3700 in
2459 3643 2711 3717 poplicod
2764 3658 2913 3696 neve·

1770 3731 1826 3785 in
1844 3730 2124 3800 preivatod
2146 3746 2282 3785 neve
2301 3729 2517 3785 exsti-ad
2532 3730 2722 3783 urbem
2748 3742 2907 3781 sacra

1770 3814 2055 3888 quisquam
2109 3813 2275 3868 fecise
2328 3812 2489 3879 velet,
2530 3811 2670 3867 nisei
2715 3819 2903 3883 pr(ae-

1769 3903 1965 3967 torem)
2022 3898 2293 3953 urbanum
2352 3897 2557 3951 adieset
2622 3896 2776 3969 isque
2834 3898 2911 3953 de

1769 3992 2023 4037 senatuos
2062 3980 2713 4037 sententiad-iousiset.·

751 4093 932 4149 Livius
983 4095 1146 4168 igitur
1199 4105 1252 4151 et
1293 4096 1572 4169 complura
1623 4108 1843 4154 senatus
1882 4096 2115 4153 consulti
2154 4097 2348 4169 capita,
2390 4113 2619 4168 quorum
2668 4095 2907 4150 alterum

539 4177 773 4249 pertinet
811 4179 880 4235 ad
919 4196 1125 4249 omnes»,
1169 4180 1262 4254 qui
1299 4182 1570 4254 mysteriis
1609 4182 1974 4257 initiarentur,
2016 4182 2247 4236 alterum
2286 4180 2352 4235 ad
2403 4180 2762 4244 sacerdotem,
2806 4178 2905 4250 qui-

537 4277 654 4315 rem
693 4262 932 4319 divinam
969 4264 1193 4331 faceret,
1233 4282 1344 4321 una
1383 4266 1871 4338 comprehensione
1910 4266 2223 4337 complexus
2261 4274 2343 4321 cst
2388 4282 2565 4337 neque
2604 4264 2901 4337 quidquam

541 4346 666 4399 novi
715 4364 778 4403 ex
835 4366 930 4405 suo
981 4350 1193 4409 adiecit.
1265 4350 1412 4413 Quae
1463 4368 1584 4406 cum
1634 4351 1708 4407 ita
1758 4352 1884 4419 sint,
1924 4351 2095 4406 verba
2131 4366 2349 4422 quoque
2386 4349 2537 4416 Livii,
2580 4366 2717 4421 quae
2758 4348 2901 4421 apud

535 4426 811 4486 Valerium
855 4432 1108 4506 leguntur
1149 4436 1444 4490 «sedensve
1482 4434 1640 4490 ludos
1679 4442 1926 4508 spectare
1965 4433 2182 4501 vellet»,
2225 4451 2289 4488 ex
2336 4434 2453 4507 ipso
2505 4441 2723 4489 senatus
2770 4449 2911 4489 con-

537 4512 676 4569 sulto
715 4518 889 4589 petita
927 4519 1256 4593 minimeque
1296 4536 1702 4593 supervacanea
1740 4528 1832 4575 aut
1870 4536 2030 4576 sensu
2072 4536 2224 4574 cassa
2262 4519 2445 4575 credo.
