<?xml version="1.0" encoding="UTF-8"?>
<!DOCTYPE html PUBLIC "-//W3C//DTD XHTML 1.0 Transitional//EN"
    "http://www.w3.org/TR/xhtml1/DTD/xhtml1-transitional.dtd">
<html xmlns="http://www.w3.org/1999/xhtml" xml:lang="en" lang="en">
 <head>
  <title>
</title>
<meta http-equiv="Content-Type" content="text/html;charset=utf-8" />
  <meta name='ocr-system' content='tesseract 3.04.00' />
  <meta name='ocr-capabilities' content='ocr_page ocr_carea ocr_par ocr_line ocrx_word'/>
</head>
<body>
  <div class='ocr_page' id='page_1' title='image "./quaestionesscae00bauegoog_0023.png"; bbox 0 0 3175 5109; ppageno 0'>
   <div class='ocr_carea' id='block_1_1' title="bbox 1231 376 1627 437">
    <p class='ocr_par' dir='ltr' id='par_1_1' title="bbox 1231 376 1627 437">
     <span class='ocr_line' id='line_1_1' title="bbox 1231 376 1627 437; baseline 0 -14"><span class='ocrx_word' id='word_1_1' title='bbox 1231 376 1627 437; x_wconf 75' lang='lat'><strong>...17—</strong></span> 
     </span>
    </p>
   </div>
   <div class='ocr_carea' id='block_1_2' title="bbox 469 522 2689 652">
    <p class='ocr_par' dir='ltr' id='par_1_2' title="bbox 469 522 2689 652">
     <span class='ocr_line' id='line_1_2' title="bbox 469 522 2689 652; baseline -0.001 -21"><span class='ocrx_word' id='word_1_2' title='bbox 469 562 608 631; x_wconf 83' lang='lat' dir='ltr'><strong>Iam</strong></span> <span class='ocrx_word' id='word_1_3' title='bbox 671 584 842 631; x_wconf 88' lang='lat' dir='ltr'><strong>vero·</strong></span> <span class='ocrx_word' id='word_1_4' title='bbox 883 538 1110 631; x_wconf 75' lang='lat' dir='ltr'><strong>transit</strong></span> <span class='ocrx_word' id='word_1_5' title='bbox 1179 567 1378 632; x_wconf 82' lang='lat' dir='ltr'><strong>oratio</strong></span> <span class='ocrx_word' id='word_1_6' title='bbox 1445 522 1731 652; x_wconf 82' lang='lat' dir='ltr'><strong>proprie&#39;</strong></span> <span class='ocrx_word' id='word_1_7' title='bbox 1768 560 1853 630; x_wconf 79' lang='lat' dir='ltr'><strong>ad</strong></span> <span class='ocrx_word' id='word_1_8' title='bbox 1928 564 2217 631; x_wconf 88' lang='lat' dir='ltr'><strong>ludorum</strong></span> <span class='ocrx_word' id='word_1_9' title='bbox 2278 534 2601 648; x_wconf 78' lang='lat' dir='ltr'><strong>quoddam</strong></span> <span class='ocrx_word' id='word_1_10' title='bbox 2680 564 2689 573; x_wconf 84' lang='grc'><em>“</em></span> 
     </span>
    </p>
   </div>
   <div class='ocr_carea' id='block_1_3' title="bbox 256 674 2761 777">
    <p class='ocr_par' dir='ltr' id='par_1_3' title="bbox 256 674 2761 777">
     <span class='ocr_line' id='line_1_3' title="bbox 256 674 2761 777; baseline -0.002 -36"><span class='ocrx_word' id='word_1_11' title='bbox 256 696 460 759; x_wconf 84' lang='lat' dir='ltr'><strong>genus</strong></span> <span class='ocrx_word' id='word_1_12' title='bbox 518 681 756 741; x_wconf 86' lang='lat' dir='ltr'><strong>certum</strong></span> <span class='ocrx_word' id='word_1_13' title='bbox 814 681 877 739; x_wconf 86' lang='lat' dir='ltr'><strong>et</strong></span> <span class='ocrx_word' id='word_1_14' title='bbox 934 676 1019 739; x_wconf 92' lang='lat' dir='ltr'><strong>ad</strong></span> <span class='ocrx_word' id='word_1_15' title='bbox 1065 682 1334 759; x_wconf 83' lang='lat' dir='ltr'><strong>tempus,</strong></span> <span class='ocrx_word' id='word_1_16' title='bbox 1396 696 1520 757; x_wconf 83' lang='lat' dir='ltr'><strong>quo</strong></span> <span class='ocrx_word' id='word_1_17' title='bbox 1577 675 1661 740; x_wconf 62' lang='lat' dir='ltr'><strong>sil</strong></span> <span class='ocrx_word' id='word_1_18' title='bbox 1720 674 2072 739; x_wconf 80' lang='lat' dir='ltr'><strong>traductum</strong></span> <span class='ocrx_word' id='word_1_19' title='bbox 2133 674 2254 739; x_wconf 92' lang='lat' dir='ltr'><strong>hoc</strong></span> <span class='ocrx_word' id='word_1_20' title='bbox 2300 676 2603 765; x_wconf 81' lang='lat' dir='ltr'><strong>Romam:</strong></span> <span class='ocrx_word' id='word_1_21' title='bbox 2690 714 2701 725; x_wconf 83' lang='lat'><strong>·</strong></span> <span class='ocrx_word' id='word_1_22' title='bbox 2749 764 2761 777; x_wconf 91' lang='lat'><strong>.</strong></span> 
     </span>
    </p>
   </div>
   <div class='ocr_carea' id='block_1_4' title="bbox 257 766 2684 2801">
    <p class='ocr_par' dir='ltr' id='par_1_4' title="bbox 257 766 2684 2801">
     <span class='ocr_line' id='line_1_4' title="bbox 261 766 2605 869; baseline -0.001 -22"><span class='ocrx_word' id='word_1_23' title='bbox 261 803 422 869; x_wconf 85' lang='lat' dir='ltr'><strong>„nec</strong></span> <span class='ocrx_word' id='word_1_24' title='bbox 469 792 848 865; x_wconf 73' lang='lat' dir='ltr'><strong>quemquam</strong></span> <span class='ocrx_word' id='word_1_25' title='bbox 875 784 1136 847; x_wconf 77' lang='lat' dir='ltr'><strong>Romae</strong></span> <span class='ocrx_word' id='word_1_26' title='bbox 1176 783 1450 849; x_wconf 74' lang='lat' dir='ltr'><strong>honesto</strong></span> <span class='ocrx_word' id='word_1_27' title='bbox 1496 785 1639 847; x_wconf 92' lang='lat' dir='ltr'><strong>loco</strong></span> <span class='ocrx_word' id='word_1_28' title='bbox 1682 792 1885 847; x_wconf 84' lang='lat' dir='ltr'><strong>ortum</strong></span> <span class='ocrx_word' id='word_1_29' title='bbox 1926 782 2010 846; x_wconf 92' lang='lat' dir='ltr'><strong>ad</strong></span> <span class='ocrx_word' id='word_1_30' title='bbox 2049 781 2397 847; x_wconf 69' lang='lat' dir='ltr'><strong>theabrales</strong></span> <span class='ocrx_word' id='word_1_31' title='bbox 2429 766 2605 846; x_wconf 56' lang='lat' dir='ltr'><strong>&#39;artes</strong></span> 
     </span>
     <span class='ocr_line' id='line_1_5' title="bbox 257 884 2605 973; baseline -0.001 -17"><span class='ocrx_word' id='word_1_32' title='bbox 257 890 754 973; x_wconf 80' lang='lat' dir='ltr'>degeneravisse</span> <span class='ocrx_word' id='word_1_33' title='bbox 839 889 1128 956; x_wconf 85' lang='lat' dir='ltr'><strong>ducentis</strong></span> <span class='ocrx_word' id='word_1_34' title='bbox 1207 892 1334 955; x_wconf 90' lang='lat' dir='ltr'><strong>iam</strong></span> <span class='ocrx_word' id='word_1_35' title='bbox 1419 890 1599 955; x_wconf 89' lang='lat' dir='ltr'><strong>annis</strong></span> <span class='ocrx_word' id='word_1_36' title='bbox 1669 912 1709 955; x_wconf 91' lang='lat' dir='ltr'><strong>a</strong></span> <span class='ocrx_word' id='word_1_37' title='bbox 1772 890 1844 954; x_wconf 89' lang='lat' dir='ltr'><strong>L.</strong></span> <span class='ocrx_word' id='word_1_38' title='bbox 1908 884 2186 953; x_wconf 80' lang='lat' dir='ltr'><strong>Muinmii</strong></span> <span class='ocrx_word' id='word_1_39' title='bbox 2271 887 2605 973; x_wconf 80' lang='lat' dir='ltr'><strong>triumpho,</strong></span> 
     </span>
     <span class='ocr_line' id='line_1_6' title="bbox 257 995 2684 1083; baseline -0.001 -21"><span class='ocrx_word' id='word_1_40' title='bbox 257 999 366 1081; x_wconf 85' lang='lat' dir='ltr'><strong>qui</strong></span> <span class='ocrx_word' id='word_1_41' title='bbox 409 998 646 1081; x_wconf 87' lang='lat' dir='ltr'><strong>primus</strong></span> <span class='ocrx_word' id='word_1_42' title='bbox 692 997 759 1062; x_wconf 91' lang='lat' dir='ltr'><strong>id</strong></span> <span class='ocrx_word' id='word_1_43' title='bbox 805 1016 1006 1081; x_wconf 85' lang='lat' dir='ltr'><strong>genus</strong></span> <span class='ocrx_word' id='word_1_44' title='bbox 1053 999 1402 1083; x_wconf 76' lang='lat' dir='ltr'>spectaculi</span> <span class='ocrx_word' id='word_1_45' title='bbox 1445 999 1509 1063; x_wconf 92' lang='lat' dir='ltr'><strong>in</strong></span> <span class='ocrx_word' id='word_1_46' title='bbox 1555 1000 1713 1063; x_wconf 90' lang='lat' dir='ltr'><strong>urbe</strong></span> <span class='ocrx_word' id='word_1_47' title='bbox 1768 997 2190 1083; x_wconf 84' lang='lat' dir='ltr'><strong>praebue1·it.“</strong></span> <span class='ocrx_word' id='word_1_48' title='bbox 2289 998 2411 1061; x_wconf 87' lang='lat' dir='ltr'><strong>Hic</strong></span> <span class='ocrx_word' id='word_1_49' title='bbox 2458 995 2607 1080; x_wconf 86' lang='lat' dir='ltr'><strong>quin</strong></span> <span class='ocrx_word' id='word_1_50' title='bbox 2678 1028 2684 1035; x_wconf 94' lang='lat'><em>-</em></span> 
     </span>
     <span class='ocr_line' id='line_1_7' title="bbox 258 1104 2606 1189; baseline -0 -19"><span class='ocrx_word' id='word_1_51' title='bbox 258 1107 342 1170; x_wconf 91' lang='lat' dir='ltr'><strong>de</strong></span> <span class='ocrx_word' id='word_1_52' title='bbox 393 1126 557 1171; x_wconf 90' lang='lat' dir='ltr'><strong>anno</strong></span> <span class='ocrx_word' id='word_1_53' title='bbox 611 1105 735 1169; x_wconf 82' lang='lat'><strong>146</strong></span> <span class='ocrx_word' id='word_1_54' title='bbox 785 1126 841 1169; x_wconf 91' lang='lat' dir='ltr'><strong>a.</strong></span> <span class='ocrx_word' id='word_1_55' title='bbox 893 1105 1038 1171; x_wconf 85' lang='lat' dir='ltr'><strong>Chr·</strong></span> <span class='ocrx_word' id='word_1_56' title='bbox 1091 1128 1151 1169; x_wconf 91' lang='lat' dir='ltr'><strong>n.</strong></span> <span class='ocrx_word' id='word_1_57' title='bbox 1203 1113 1448 1189; x_wconf 79' lang='lat' dir='ltr'><strong>agatur,</strong></span> <span class='ocrx_word' id='word_1_58' title='bbox 1498 1105 1758 1171; x_wconf 87' lang='lat' dir='ltr'><strong>dubium</strong></span> <span class='ocrx_word' id='word_1_59' title='bbox 1804 1127 1929 1171; x_wconf 90' lang='lat' dir='ltr'><strong>non</strong></span> <span class='ocrx_word' id='word_1_60' title='bbox 1978 1125 2120 1170; x_wconf 88' lang='lat' dir='ltr'><strong>esse</strong></span> <span class='ocrx_word' id='word_1_61' title='bbox 2166 1110 2399 1189; x_wconf 80' lang='lat' dir='ltr'><strong>potest.</strong></span> <span class='ocrx_word' id='word_1_62' title='bbox 2472 1104 2606 1169; x_wconf 88' lang='lat' dir='ltr'><strong>Sed</strong></span> 
     </span>
     <span class='ocr_line' id='line_1_8' title="bbox 259 1210 2608 1297; baseline -0.002 -19"><span class='ocrx_word' id='word_1_63' title='bbox 259 1213 578 1295; x_wconf 88' lang='lat' dir='ltr'><strong>quodnam</strong></span> <span class='ocrx_word' id='word_1_64' title='bbox 626 1219 724 1277; x_wconf 83' lang='lat' dir='ltr'><strong>est</strong></span> <span class='ocrx_word' id='word_1_65' title='bbox 775 1211 881 1295; x_wconf 84' lang='lat' dir='ltr'><strong>„id</strong></span> <span class='ocrx_word' id='word_1_66' title='bbox 929 1214 1196 1297; x_wconf 82' lang='lat' dir='ltr'><strong>genus“‚</strong></span> <span class='ocrx_word' id='word_1_67' title='bbox 1245 1233 1560 1294; x_wconf 83' lang='lat' dir='ltr'><strong>quaenam</strong></span> <span class='ocrx_word' id='word_1_68' title='bbox 1611 1219 1753 1278; x_wconf 88' lang='lat' dir='ltr'><strong>sunt</strong></span> <span class='ocrx_word' id='word_1_69' title='bbox 1798 1212 1951 1277; x_wconf 89' lang='lat' dir='ltr'><strong>illae</strong></span> <span class='ocrx_word' id='word_1_70' title='bbox 2000 1218 2170 1277; x_wconf 83' lang='lat' dir='ltr'><strong>artes</strong></span> <span class='ocrx_word' id='word_1_71' title='bbox 2208 1210 2608 1277; x_wconf 81' lang='lat' dir='ltr'><strong>theatrales?</strong></span> 
     </span>
     <span class='ocr_line' id='line_1_9' title="bbox 257 1318 2608 1407; baseline -0.002 -23"><span class='ocrx_word' id='word_1_72' title='bbox 257 1322 400 1386; x_wconf 91' lang='lat' dir='ltr'><strong>Hoc</strong></span> <span class='ocrx_word' id='word_1_73' title='bbox 463 1340 663 1407; x_wconf 85' lang='lat' dir='ltr'><strong>genus</strong></span> <span class='ocrx_word' id='word_1_74' title='bbox 711 1341 747 1385; x_wconf 88' lang='lat' dir='ltr'><strong>a</strong></span> <span class='ocrx_word' id='word_1_75' title='bbox 796 1320 1064 1401; x_wconf 85' lang='lat' dir='ltr'><strong>theatro,</strong></span> <span class='ocrx_word' id='word_1_76' title='bbox 1110 1320 1179 1385; x_wconf 91' lang='lat' dir='ltr'><strong>id</strong></span> <span class='ocrx_word' id='word_1_77' title='bbox 1227 1328 1326 1385; x_wconf 85' lang='lat' dir='ltr'><strong>est</strong></span> <span class='ocrx_word' id='word_1_78' title='bbox 1372 1342 1412 1385; x_wconf 90' lang='lat' dir='ltr'><strong>a</strong></span> <span class='ocrx_word' id='word_1_79' title='bbox 1448 1320 1808 1386; x_wconf 88' lang='lat' dir='ltr'><strong>fabularum</strong></span> <span class='ocrx_word' id='word_1_80' title='bbox 1856 1319 2105 1385; x_wconf 86' lang='lat' dir='ltr'><strong>actione</strong></span> <span class='ocrx_word' id='word_1_81' title='bbox 2153 1320 2498 1385; x_wconf 87' lang='lat' dir='ltr'><strong>abhorrere</strong></span> <span class='ocrx_word' id='word_1_82' title='bbox 2544 1318 2608 1381; x_wconf 91' lang='lat' dir='ltr'><strong>in</strong></span> 
     </span>
     <span class='ocr_line' id='line_1_10' title="bbox 257 1426 2611 1518; baseline -0.001 -26"><span class='ocrx_word' id='word_1_83' title='bbox 257 1430 592 1513; x_wconf 84' lang='lat' dir='ltr'><strong>propatulo</strong></span> <span class='ocrx_word' id='word_1_84' title='bbox 634 1433 732 1493; x_wconf 84' lang='lat' dir='ltr'><strong>est</strong></span> <span class='ocrx_word' id='word_1_85' title='bbox 777 1448 984 1509; x_wconf 90' lang='lat' dir='ltr'><strong>neque</strong></span> <span class='ocrx_word' id='word_1_86' title='bbox 1017 1448 1167 1493; x_wconf 87' lang='lat' dir='ltr'><strong>vero</strong></span> <span class='ocrx_word' id='word_1_87' title='bbox 1199 1427 1471 1510; x_wconf 84' lang='lat' dir='ltr'><strong>quadrat</strong></span> <span class='ocrx_word' id='word_1_88' title='bbox 1511 1429 1594 1494; x_wconf 91' lang='lat' dir='ltr'><strong>ad</strong></span> <span class='ocrx_word' id='word_1_89' title='bbox 1626 1448 1927 1511; x_wconf 81' lang='lat' dir='ltr'><strong>equorum</strong></span> <span class='ocrx_word' id='word_1_90' title='bbox 1962 1426 2329 1518; x_wconf 80' lang='lat' dir='ltr'><strong>certamina,</strong></span> <span class='ocrx_word' id='word_1_91' title='bbox 2378 1426 2611 1511; x_wconf 87' lang='lat' dir='ltr'><strong>quippe</strong></span> 
     </span>
     <span class='ocr_line' id='line_1_11' title="bbox 259 1534 2611 1620; baseline -0 -22"><span class='ocrx_word' id='word_1_92' title='bbox 259 1554 428 1617; x_wconf 88' lang='lat' dir='ltr'><strong>quae</strong></span> <span class='ocrx_word' id='word_1_93' title='bbox 473 1536 598 1601; x_wconf 87' lang='lat' dir='ltr'><strong>iam</strong></span> <span class='ocrx_word' id='word_1_94' title='bbox 646 1555 836 1619; x_wconf 89' lang='lat' dir='ltr'><strong>supra</strong></span> <span class='ocrx_word' id='word_1_95' title='bbox 883 1536 1006 1599; x_wconf 87' lang='lat' dir='ltr'><strong>sint</strong></span> <span class='ocrx_word' id='word_1_96' title='bbox 1047 1542 1575 1618; x_wconf 76' lang='lat' dir='ltr'><strong>commemorata3</strong></span> <span class='ocrx_word' id='word_1_97' title='bbox 1623 1556 1829 1619; x_wconf 90' lang='lat' dir='ltr'><strong>neque</strong></span> <span class='ocrx_word' id='word_1_98' title='bbox 1868 1536 1953 1600; x_wconf 86' lang='lat' dir='ltr'><strong>ad</strong></span> <span class='ocrx_word' id='word_1_99' title='bbox 1991 1536 2290 1620; x_wconf 85' lang='lat' dir='ltr'><strong>gymnica</strong></span> <span class='ocrx_word' id='word_1_100' title='bbox 2335 1535 2439 1598; x_wconf 83' lang='lat' dir='ltr'><strong>vel</strong></span> <span class='ocrx_word' id='word_1_101' title='bbox 2477 1534 2611 1598; x_wconf 88' lang='lat' dir='ltr'><strong>ath·</strong></span> 
     </span>
     <span class='ocr_line' id='line_1_12' title="bbox 257 1642 2610 1726; baseline -0.002 -19"><span class='ocrx_word' id='word_1_102' title='bbox 257 1644 469 1724; x_wconf 82' lang='lat' dir='ltr'><strong>letica,</strong></span> <span class='ocrx_word' id='word_1_103' title='bbox 532 1663 693 1725; x_wconf 89' lang='lat' dir='ltr'><strong>quae</strong></span> <span class='ocrx_word' id='word_1_104' title='bbox 742 1643 1057 1726; x_wconf 89' lang='lat' dir='ltr'><strong>primuml</strong></span> <span class='ocrx_word' id='word_1_105' title='bbox 1124 1664 1288 1707; x_wconf 88' lang='lat' dir='ltr'><strong>anno</strong></span> <span class='ocrx_word' id='word_1_106' title='bbox 1343 1642 1468 1707; x_wconf 84' lang='grc'><strong>186</strong></span> <span class='ocrx_word' id='word_1_107' title='bbox 1520 1664 1576 1707; x_wconf 87' lang='lat' dir='ltr'><strong>a.</strong></span> <span class='ocrx_word' id='word_1_108' title='bbox 1630 1643 1773 1709; x_wconf 84' lang='lat' dir='ltr'><strong>Chr.</strong></span> <span class='ocrx_word' id='word_1_109' title='bbox 1825 1665 1882 1707; x_wconf 92' lang='lat' dir='ltr'><strong>n.</strong></span> <span class='ocrx_word' id='word_1_110' title='bbox 1937 1645 2177 1708; x_wconf 89' lang='lat' dir='ltr'><strong>Romae</strong></span> <span class='ocrx_word' id='word_1_111' title='bbox 2227 1642 2401 1707; x_wconf 80' lang='lat' dir='ltr'><strong>edita</strong></span> <span class='ocrx_word' id='word_1_112' title='bbox 2445 1646 2610 1707; x_wconf 85' lang='lat' dir='ltr'><strong>sunt.</strong></span> 
     </span>
     <span class='ocr_line' id='line_1_13' title="bbox 259 1747 2611 1832; baseline -0.002 -16"><span class='ocrx_word' id='word_1_113' title='bbox 259 1750 391 1817; x_wconf 85' lang='lat' dir='ltr'><strong>Sed</strong></span> <span class='ocrx_word' id='word_1_114' title='bbox 437 1773 515 1815; x_wconf 90' lang='lat' dir='ltr'><strong>ne</strong></span> <span class='ocrx_word' id='word_1_115' title='bbox 565 1750 649 1815; x_wconf 87' lang='lat' dir='ltr'><strong>ad</strong></span> <span class='ocrx_word' id='word_1_116' title='bbox 687 1748 928 1815; x_wconf 87' lang='lat' dir='ltr'><strong>musica</strong></span> <span class='ocrx_word' id='word_1_117' title='bbox 965 1749 1220 1831; x_wconf 87' lang='lat' dir='ltr'><strong>quidem</strong></span> <span class='ocrx_word' id='word_1_118' title='bbox 1261 1770 1424 1832; x_wconf 90' lang='lat' dir='ltr'><strong>quae</strong></span> <span class='ocrx_word' id='word_1_119' title='bbox 1467 1750 1756 1815; x_wconf 83' lang='lat' dir='ltr'><strong>dicuntur</strong></span> <span class='ocrx_word' id='word_1_120' title='bbox 1794 1757 2169 1816; x_wconf 82' lang='lat' dir='ltr'><strong>acroamata</strong></span> <span class='ocrx_word' id='word_1_121' title='bbox 2207 1747 2611 1815; x_wconf 88' lang='lat' dir='ltr'><strong>referendum</strong></span> 
     </span>
     <span class='ocr_line' id='line_1_14' title="bbox 261 1855 2612 1942; baseline -0.002 -19"><span class='ocrx_word' id='word_1_122' title='bbox 261 1865 359 1923; x_wconf 86' lang='lat' dir='ltr'><strong>est</strong></span> <span class='ocrx_word' id='word_1_123' title='bbox 404 1857 718 1942; x_wconf 76' lang='lat' dir='ltr'><strong>universe,</strong></span> <span class='ocrx_word' id='word_1_124' title='bbox 770 1877 931 1940; x_wconf 90' lang='lat' dir='ltr'><strong>quae</strong></span> <span class='ocrx_word' id='word_1_125' title='bbox 970 1858 1279 1941; x_wconf 81' lang='lat' dir='ltr'><strong>Polybius</strong></span> <span class='ocrx_word' id='word_1_126' title='bbox 1323 1860 1452 1922; x_wconf 92' lang='lat' dir='ltr'><strong>iam</strong></span> <span class='ocrx_word' id='word_1_127' title='bbox 1499 1878 1661 1923; x_wconf 90' lang='lat' dir='ltr'><strong>anno</strong></span> <span class='ocrx_word' id='word_1_128' title='bbox 1725 1859 1846 1922; x_wconf 78' lang='lat'><strong>167</strong></span> <span class='ocrx_word' id='word_1_129' title='bbox 1908 1880 1965 1923; x_wconf 90' lang='lat' dir='ltr'><strong>a.</strong></span> <span class='ocrx_word' id='word_1_130' title='bbox 2008 1858 2153 1923; x_wconf 85' lang='lat' dir='ltr'>Chr.</span> <span class='ocrx_word' id='word_1_131' title='bbox 2204 1879 2265 1922; x_wconf 88' lang='lat' dir='ltr'><strong>n.</strong></span> <span class='ocrx_word' id='word_1_132' title='bbox 2313 1855 2612 1935; x_wconf 77' lang='lat' dir='ltr'><strong>tribuit32</strong></span> 
     </span>
     <span class='ocr_line' id='line_1_15' title="bbox 258 1961 2610 2048; baseline -0 -20"><span class='ocrx_word' id='word_1_133' title='bbox 258 1965 449 2029; x_wconf 89' lang='lat' dir='ltr'><strong>immo</strong></span> <span class='ocrx_word' id='word_1_134' title='bbox 513 1964 597 2028; x_wconf 91' lang='lat' dir='ltr'><strong>ad</strong></span> <span class='ocrx_word' id='word_1_135' title='bbox 662 1972 905 2048; x_wconf 87' lang='lat' dir='ltr'><strong>partem</strong></span> <span class='ocrx_word' id='word_1_136' title='bbox 970 1964 1288 2045; x_wconf 89' lang='lat' dir='ltr'><strong>quandam</strong></span> <span class='ocrx_word' id='word_1_137' title='bbox 1348 1966 1605 2031; x_wconf 90' lang='lat' dir='ltr'><strong>horum:</strong></span> <span class='ocrx_word' id='word_1_138' title='bbox 1674 1965 1756 2029; x_wconf 90' lang='lat' dir='ltr'><strong>ad</strong></span> <span class='ocrx_word' id='word_1_139' title='bbox 1819 1965 2138 2030; x_wconf 84' lang='lat' dir='ltr'><strong>orationes</strong></span> <span class='ocrx_word' id='word_1_140' title='bbox 2202 1972 2265 2028; x_wconf 86' lang='lat' dir='ltr'><strong>et</strong></span> <span class='ocrx_word' id='word_1_141' title='bbox 2313 1961 2610 2028; x_wconf 86' lang='lat' dir='ltr'><strong>carmina.</strong></span> 
     </span>
     <span class='ocr_line' id='line_1_16' title="bbox 260 2071 2613 2157; baseline -0.001 -20"><span class='ocrx_word' id='word_1_142' title='bbox 260 2071 682 2137; x_wconf 77' lang='lat' dir='ltr'><strong>Conferantur</strong></span> <span class='ocrx_word' id='word_1_143' title='bbox 731 2071 918 2153; x_wconf 85' lang='lat' dir='ltr'><strong>enim,</strong></span> <span class='ocrx_word' id='word_1_144' title='bbox 967 2091 1130 2153; x_wconf 88' lang='lat' dir='ltr'><strong>quae</strong></span> <span class='ocrx_word' id='word_1_145' title='bbox 1179 2072 1242 2136; x_wconf 91' lang='lat' dir='ltr'><strong>in</strong></span> <span class='ocrx_word' id='word_1_146' title='bbox 1289 2073 1498 2156; x_wconf 90' lang='lat' dir='ltr'><strong>priore</strong></span> <span class='ocrx_word' id='word_1_147' title='bbox 1549 2074 1755 2156; x_wconf 85' lang='lat' dir='ltr'><strong>capite</strong></span> <span class='ocrx_word' id='word_1_148' title='bbox 1796 2074 2117 2157; x_wconf 82' lang='lat' dir='ltr'><strong>leguntur:</strong></span> <span class='ocrx_word' id='word_1_149' title='bbox 2173 2078 2278 2154; x_wconf 83' lang='lat' dir='ltr'><strong>„ut</strong></span> <span class='ocrx_word' id='word_1_150' title='bbox 2314 2089 2613 2155; x_wconf 80' lang='lat' dir='ltr'><strong>proceres</strong></span> 
     </span>
     <span class='ocr_line' id='line_1_17' title="bbox 259 2178 2613 2263; baseline -0.001 -20"><span class='ocrx_word' id='word_1_151' title='bbox 259 2180 531 2244; x_wconf 90' lang='lat' dir='ltr'><strong>Romani</strong></span> <span class='ocrx_word' id='word_1_152' title='bbox 568 2180 780 2263; x_wconf 88' lang='lat' dir='ltr'><strong>specie</strong></span> <span class='ocrx_word' id='word_1_153' title='bbox 813 2183 1162 2244; x_wconf 73' lang='lat' dir='ltr'><strong>orationum</strong></span> <span class='ocrx_word' id='word_1_154' title='bbox 1199 2192 1254 2244; x_wconf 78' lang='lat' dir='ltr'><strong>et</strong></span> <span class='ocrx_word' id='word_1_155' title='bbox 1291 2184 1639 2244; x_wconf 80' lang='lat' dir='ltr'><strong>carminum</strong></span> <span class='ocrx_word' id='word_1_156' title='bbox 1676 2205 1901 2245; x_wconf 79' lang='lat' dir='ltr'><strong>scaena</strong></span> <span class='ocrx_word' id='word_1_157' title='bbox 1938 2178 2372 2263; x_wconf 80' lang='lat' dir='ltr'><strong>polluantur“;</strong></span> <span class='ocrx_word' id='word_1_158' title='bbox 2414 2184 2478 2243; x_wconf 79' lang='lat' dir='ltr'><strong>et</strong></span> <span class='ocrx_word' id='word_1_159' title='bbox 2517 2198 2613 2258; x_wconf 78' lang='lat' dir='ltr'><strong>ea,</strong></span> 
     </span>
     <span class='ocr_line' id='line_1_18' title="bbox 261 2284 2615 2372; baseline -0 -22"><span class='ocrx_word' id='word_1_160' title='bbox 261 2306 426 2368; x_wconf 87' lang='lat' dir='ltr'><strong>quae</strong></span> <span class='ocrx_word' id='word_1_161' title='bbox 473 2288 855 2367; x_wconf 77' lang='lat' dir='ltr'><strong>succedunt3</strong></span> <span class='ocrx_word' id='word_1_162' title='bbox 925 2287 1020 2372; x_wconf 88' lang='lat' dir='ltr'><strong>„si</strong></span> <span class='ocrx_word' id='word_1_163' title='bbox 1066 2286 1300 2351; x_wconf 82' lang='lat' dir='ltr'><strong>fractos</strong></span> <span class='ocrx_word' id='word_1_164' title='bbox 1359 2311 1536 2352; x_wconf 78' lang='lat' dir='ltr'><strong>sonos</strong></span> <span class='ocrx_word' id='word_1_165' title='bbox 1600 2294 1664 2351; x_wconf 87' lang='lat' dir='ltr'><strong>et</strong></span> <span class='ocrx_word' id='word_1_166' title='bbox 1712 2287 2112 2351; x_wconf 84' lang='lat' dir='ltr'>dulcedinem</span> <span class='ocrx_word' id='word_1_167' title='bbox 2157 2310 2362 2351; x_wconf 81' lang='lat' dir='ltr'><strong>vocum</strong></span> <span class='ocrx_word' id='word_1_168' title='bbox 2411 2284 2615 2370; x_wconf 85' lang='lat' dir='ltr'><strong>perite</strong></span> 
     </span>
     <span class='ocr_line' id='line_1_19' title="bbox 259 2393 2614 2479; baseline -0.002 -20"><span class='ocrx_word' id='word_1_169' title='bbox 259 2394 677 2459; x_wconf 78' lang='lat' dir='ltr'><strong>audissent?“</strong></span> <span class='ocrx_word' id='word_1_170' title='bbox 753 2395 933 2459; x_wconf 92' lang='lat' dir='ltr'><strong>Haec</strong></span> <span class='ocrx_word' id='word_1_171' title='bbox 985 2394 1097 2459; x_wconf 91' lang='lat' dir='ltr'><strong>illa</strong></span> <span class='ocrx_word' id='word_1_172' title='bbox 1145 2394 1397 2459; x_wconf 78' lang='lat' dir='ltr'><strong>Graeca</strong></span> <span class='ocrx_word' id='word_1_173' title='bbox 1452 2396 1801 2459; x_wconf 85' lang='lat' dir='ltr'><strong>certamina</strong></span> <span class='ocrx_word' id='word_1_174' title='bbox 1862 2401 2006 2459; x_wconf 83' lang='lat' dir='ltr'><strong>sunt</strong></span> <span class='ocrx_word' id='word_1_175' title='bbox 2050 2414 2247 2479; x_wconf 88' lang='lat' dir='ltr'><strong>saepe</strong></span> <span class='ocrx_word' id='word_1_176' title='bbox 2296 2415 2335 2457; x_wconf 89' lang='lat' dir='ltr'><strong>a</strong></span> <span class='ocrx_word' id='word_1_177' title='bbox 2378 2393 2614 2477; x_wconf 87' lang='lat' dir='ltr'><strong>populo</strong></span> 
     </span>
     <span class='ocr_line' id='line_1_20' title="bbox 257 2500 2614 2586; baseline -0.002 -20"><span class='ocrx_word' id='word_1_178' title='bbox 257 2500 609 2586; x_wconf 82' lang='lat' dir='ltr'><strong>efflagitata</strong></span> <span class='ocrx_word' id='word_1_179' title='bbox 647 2502 1021 2583; x_wconf 88' lang='lat' dir='ltr'><strong>eademque,</strong></span> <span class='ocrx_word' id='word_1_180' title='bbox 1061 2521 1223 2583; x_wconf 89' lang='lat' dir='ltr'><strong>quae</strong></span> <span class='ocrx_word' id='word_1_181' title='bbox 1260 2502 1474 2586; x_wconf 89' lang='lat' dir='ltr'><strong>paullo</strong></span> <span class='ocrx_word' id='word_1_182' title='bbox 1513 2501 1681 2566; x_wconf 85' lang='lat' dir='ltr'><strong>infra</strong></span> <span class='ocrx_word' id='word_1_183' title='bbox 1716 2500 1940 2566; x_wconf 76' lang='lat' dir='ltr'><strong>iterum</strong></span> <span class='ocrx_word' id='word_1_184' title='bbox 1982 2503 2614 2566; x_wconf 83' lang='lat' dir='ltr'><strong>commemorantur.3</strong></span> 
     </span>
     <span class='ocr_line' id='line_1_21' title="bbox 258 2607 2616 2694; baseline -0.002 -20"><span class='ocrx_word' id='word_1_185' title='bbox 258 2608 485 2690; x_wconf 85' lang='lat' dir='ltr'><strong>Neque</strong></span> <span class='ocrx_word' id='word_1_186' title='bbox 524 2628 678 2673; x_wconf 90' lang='lat' dir='ltr'><strong>vero</strong></span> <span class='ocrx_word' id='word_1_187' title='bbox 718 2607 1068 2673; x_wconf 83' lang='lat' dir='ltr'><strong>omittenda</strong></span> <span class='ocrx_word' id='word_1_188' title='bbox 1105 2614 1268 2689; x_wconf 81' lang='lat' dir='ltr'><strong>sunt,</strong></span> <span class='ocrx_word' id='word_1_189' title='bbox 1309 2628 1472 2689; x_wconf 90' lang='lat' dir='ltr'><strong>quae</strong></span> <span class='ocrx_word' id='word_1_190' title='bbox 1511 2614 1889 2692; x_wconf 88' lang='lat' dir='ltr'><strong>sequuntur:</strong></span> <span class='ocrx_word' id='word_1_191' title='bbox 1946 2610 2353 2694; x_wconf 79' lang='lat' dir='ltr'><strong>„eloquentiae</strong></span> <span class='ocrx_word' id='word_1_192' title='bbox 2380 2607 2616 2691; x_wconf 88' lang='lat' dir='ltr'><strong>primas</strong></span> 
     </span>
     <span class='ocr_line' id='line_1_22' title="bbox 260 2710 2393 2801; baseline -0.001 -22"><span class='ocrx_word' id='word_1_193' title='bbox 260 2736 444 2781; x_wconf 91' lang='lat' dir='ltr'><strong>nemo</strong></span> <span class='ocrx_word' id='word_1_194' title='bbox 495 2718 658 2801; x_wconf 78' lang='lat' dir='ltr'><strong>tulit,</strong></span> <span class='ocrx_word' id='word_1_195' title='bbox 707 2715 824 2781; x_wconf 90' lang='lat' dir='ltr'><strong>sed</strong></span> <span class='ocrx_word' id='word_1_196' title='bbox 873 2716 1176 2780; x_wconf 85' lang='lat' dir='ltr'><strong>victorem</strong></span> <span class='ocrx_word' id='word_1_197' title='bbox 1225 2736 1366 2781; x_wconf 90' lang='lat' dir='ltr'><strong>esse</strong></span> <span class='ocrx_word' id='word_1_198' title='bbox 1417 2710 1759 2781; x_wconf 82' lang='lat' dir='ltr'><strong>Caesarem</strong></span> <span class='ocrx_word' id='word_1_199' title='bbox 1805 2714 2393 2799; x_wconf 78' lang='lat' dir='ltr'><strong>pronuntiatum.“4</strong></span> 
     </span>
    </p>
   </div>
   <div class='ocr_carea' id='block_1_5' title="bbox 260 2847 2619 3355">
    <p class='ocr_par' dir='ltr' id='par_1_5' title="bbox 260 2847 2619 3355">
     <span class='ocr_line' id='line_1_23' title="bbox 479 2847 2613 2933; baseline -0.001 -19"><span class='ocrx_word' id='word_1_200' title='bbox 479 2850 762 2933; x_wconf 82' lang='lat' dir='ltr'><strong>Pergunt</strong></span> <span class='ocrx_word' id='word_1_201' title='bbox 808 2850 1080 2915; x_wconf 86' lang='lat' dir='ltr'><strong>Neronis</strong></span> <span class='ocrx_word' id='word_1_202' title='bbox 1130 2850 1501 2915; x_wconf 89' lang='lat' dir='ltr'><strong>defensores</strong></span> <span class='ocrx_word' id='word_1_203' title='bbox 1550 2857 1615 2913; x_wconf 87' lang='lat' dir='ltr'><strong>et</strong></span> <span class='ocrx_word' id='word_1_204' title='bbox 1663 2854 1965 2915; x_wconf 80' lang='lat' dir='ltr'><strong>excusato</strong></span> <span class='ocrx_word' id='word_1_205' title='bbox 2012 2849 2338 2932; x_wconf 90' lang='lat' dir='ltr'><strong>Pompeio,</strong></span> <span class='ocrx_word' id='word_1_206' title='bbox 2393 2847 2499 2929; x_wconf 90' lang='lat' dir='ltr'><strong>qui</strong></span> <span class='ocrx_word' id='word_1_207' title='bbox 2546 2869 2613 2911; x_wconf 91' lang='lat' dir='ltr'><strong>re</strong></span> 
     </span>
     <span class='ocr_line' id='line_1_24' title="bbox 261 2955 2617 3041; baseline -0.002 -18"><span class='ocrx_word' id='word_1_208' title='bbox 261 2977 420 3023; x_wconf 86' lang='lat' dir='ltr'><strong>vera</strong></span> <span class='ocrx_word' id='word_1_209' title='bbox 465 2957 619 3022; x_wconf 92' lang='lat' dir='ltr'><strong>nihil</strong></span> <span class='ocrx_word' id='word_1_210' title='bbox 667 2957 816 3021; x_wconf 89' lang='lat' dir='ltr'><strong>novi</strong></span> <span class='ocrx_word' id='word_1_211' title='bbox 851 2956 1150 3038; x_wconf 89' lang='lat' dir='ltr'><strong>intulerit,</strong></span> <span class='ocrx_word' id='word_1_212' title='bbox 1190 2956 1308 3022; x_wconf 91' lang='lat' dir='ltr'><strong>sed</strong></span> <span class='ocrx_word' id='word_1_213' title='bbox 1346 2963 1629 3041; x_wconf 85' lang='lat' dir='ltr'><strong>sumptus</strong></span> <span class='ocrx_word' id='word_1_214' title='bbox 1668 2956 1980 3036; x_wconf 87' lang='lat' dir='ltr'><strong>minuerit,</strong></span> <span class='ocrx_word' id='word_1_215' title='bbox 2010 2955 2328 3021; x_wconf 87' lang='lat' dir='ltr'><strong>Neronem</strong></span> <span class='ocrx_word' id='word_1_216' title='bbox 2368 2975 2617 3037; x_wconf 91' lang='lat' dir='ltr'><strong>quoque</strong></span> 
     </span>
     <span class='ocr_line' id='line_1_25' title="bbox 261 3061 2615 3148; baseline -0.001 -20"><span class='ocrx_word' id='word_1_217' title='bbox 261 3064 734 3147; x_wconf 82' lang='lat' dir='ltr'><strong>magistratibus</strong></span> <span class='ocrx_word' id='word_1_218' title='bbox 809 3064 1070 3128; x_wconf 86' lang='lat' dir='ltr'><strong>decreta</strong></span> <span class='ocrx_word' id='word_1_219' title='bbox 1143 3084 1223 3128; x_wconf 83' lang='lat' dir='ltr'><strong>ex</strong></span> <span class='ocrx_word' id='word_1_220' title='bbox 1308 3064 1553 3129; x_wconf 90' lang='lat' dir='ltr'><strong>aerario</strong></span> <span class='ocrx_word' id='word_1_221' title='bbox 1620 3064 1893 3148; x_wconf 85' lang='lat' dir='ltr'><strong>pecunia</strong></span> <span class='ocrx_word' id='word_1_222' title='bbox 1975 3067 2259 3145; x_wconf 81' lang='lat' dir='ltr'><strong>sumptus</strong></span> <span class='ocrx_word' id='word_1_223' title='bbox 2326 3061 2615 3126; x_wconf 90' lang='lat' dir='ltr'><strong>ludorum</strong></span> 
     </span>
     <span class='ocr_line' id='line_1_26' title="bbox 260 3170 2619 3255; baseline -0.001 -20"><span class='ocrx_word' id='word_1_224' title='bbox 260 3171 560 3237; x_wconf 81' lang='lat' dir='ltr'><strong>minuisse</strong></span> <span class='ocrx_word' id='word_1_225' title='bbox 635 3190 839 3253; x_wconf 92' lang='lat' dir='ltr'><strong>neque</strong></span> <span class='ocrx_word' id='word_1_226' title='bbox 908 3171 1250 3253; x_wconf 91' lang='lat' dir='ltr'><strong>quidquam</strong></span> <span class='ocrx_word' id='word_1_227' title='bbox 1317 3172 1581 3255; x_wconf 87' lang='lat' dir='ltr'><strong>periculi</strong></span> <span class='ocrx_word' id='word_1_228' title='bbox 1653 3170 2102 3235; x_wconf 85' lang='lat' dir='ltr'><strong>honestissima</strong></span> <span class='ocrx_word' id='word_1_229' title='bbox 2174 3170 2337 3235; x_wconf 90' lang='lat' dir='ltr'><strong>haec</strong></span> <span class='ocrx_word' id='word_1_230' title='bbox 2408 3170 2619 3235; x_wconf 83' lang='lat' dir='ltr'><strong>studia</strong></span> 
     </span>
     <span class='ocr_line' id='line_1_27' title="bbox 260 3277 1831 3355; baseline -0.001 -12"><span class='ocrx_word' id='word_1_231' title='bbox 260 3290 574 3355; x_wconf 73' lang='lat' dir='ltr'><strong>oratorum</strong></span> <span class='ocrx_word' id='word_1_232' title='bbox 621 3302 694 3342; x_wconf 86' lang='lat' dir='ltr'><strong>ae</strong></span> <span class='ocrx_word' id='word_1_233' title='bbox 738 3290 948 3343; x_wconf 66' lang='lat' dir='ltr'><strong>vata-&#39;m</strong></span> <span class='ocrx_word' id='word_1_234' title='bbox 985 3278 1257 3343; x_wconf 84' lang='lat' dir='ltr'><strong>allatura</strong></span> <span class='ocrx_word' id='word_1_235' title='bbox 1304 3298 1447 3344; x_wconf 85' lang='lat' dir='ltr'><strong>esse</strong></span> <span class='ocrx_word' id='word_1_236' title='bbox 1497 3277 1831 3343; x_wconf 85' lang='lat' dir='ltr'><strong>affirmant.</strong></span> 
     </span>
    </p>
   </div>
   <div class='ocr_carea' id='block_1_6' title="bbox 263 3593 2620 4004">
    <p class='ocr_par' dir='ltr' id='par_1_6' title="bbox 263 3593 2620 4004">
     <span class='ocr_line' id='line_1_28' title="bbox 479 3593 2615 3667; baseline 0 -18"><span class='ocrx_word' id='word_1_237' title='bbox 479 3598 501 3637; x_wconf 82' lang='lat'>²</span> <span class='ocrx_word' id='word_1_238' title='bbox 543 3594 613 3650; x_wconf 91' lang='lat' dir='ltr'><strong>Cf.</strong></span> <span class='ocrx_word' id='word_1_239' title='bbox 652 3593 828 3649; x_wconf 87' lang='lat' dir='ltr'><strong>Livius</strong></span> <span class='ocrx_word' id='word_1_240' title='bbox 868 3594 960 3652; x_wconf 87' lang='lat' dir='ltr'>lib.</span> <span class='ocrx_word' id='word_1_241' title='bbox 993 3593 1208 3663; x_wconf 73' lang='lat' dir='ltr'><strong>xxxix,</strong></span> <span class='ocrx_word' id='word_1_242' title='bbox 1249 3594 1336 3660; x_wconf 69' lang='lat'><strong>⁶22,</strong></span> <span class='ocrx_word' id='word_1_243' title='bbox 1381 3597 1443 3649; x_wconf 83' lang='lat'><strong>1:</strong></span> <span class='ocrx_word' id='word_1_244' title='bbox 1489 3605 1809 3667; x_wconf 75' lang='lat' dir='ltr'><strong>-apparatos</strong></span> <span class='ocrx_word' id='word_1_245' title='bbox 1849 3594 2045 3651; x_wconf 88' lang='lat' dir='ltr'><strong>deindo</strong></span> <span class='ocrx_word' id='word_1_246' title='bbox 2086 3596 2241 3651; x_wconf 88' lang='lat' dir='ltr'><strong>ludos</strong></span> <span class='ocrx_word' id='word_1_247' title='bbox 2280 3596 2344 3651; x_wconf 79' lang='lat' dir='ltr'><strong>M.</strong></span> <span class='ocrx_word' id='word_1_248' title='bbox 2378 3596 2615 3663; x_wconf 39' lang='lat' dir='ltr'><strong>Fulvium</strong></span> 
     </span>
     <span class='ocr_line' id='line_1_29' title="bbox 265 3677 2620 3753; baseline 0 -18"><span class='ocrx_word' id='word_1_249' title='bbox 265 3698 401 3753; x_wconf 90' lang='lat' dir='ltr'><strong>quos</strong></span> <span class='ocrx_word' id='word_1_250' title='bbox 458 3687 679 3736; x_wconf 78' lang='lat' dir='ltr'><strong>voverat</strong></span> <span class='ocrx_word' id='word_1_251' title='bbox 729 3679 969 3735; x_wconf 88' lang='lat' dir='ltr'><strong>Aetolico</strong></span> <span class='ocrx_word' id='word_1_252' title='bbox 1022 3678 1184 3749; x_wconf 85' lang='lat' dir='ltr'><strong>bello,</strong></span> <span class='ocrx_word' id='word_1_253' title='bbox 1233 3678 1380 3735; x_wconf 78' lang='lat' dir='ltr'><strong>fecit.</strong></span> <span class='ocrx_word' id='word_1_254' title='bbox 1449 3677 1599 3734; x_wconf 73' lang='lat' dir='ltr'><strong>Multi</strong></span> <span class='ocrx_word' id='word_1_255' title='bbox 1652 3680 1889 3734; x_wconf 68' lang='lat' dir='ltr'><strong>artifices</strong></span> <span class='ocrx_word' id='word_1_256' title='bbox 1942 3698 2007 3735; x_wconf 87' lang='lat' dir='ltr'><strong>ex</strong></span> <span class='ocrx_word' id='word_1_257' title='bbox 2061 3681 2294 3737; x_wconf 81' lang='lat' dir='ltr'><strong>Graecia</strong></span> <span class='ocrx_word' id='word_1_258' title='bbox 2353 3690 2620 3736; x_wconf 80' lang='lat' dir='ltr'><strong>venerunt</strong></span> 
     </span>
     <span class='ocr_line' id='line_1_30' title="bbox 263 3762 2617 3837; baseline -0 -18"><span class='ocrx_word' id='word_1_259' title='bbox 263 3766 489 3821; x_wconf 86' lang='lat' dir='ltr'><strong>honoris</strong></span> <span class='ocrx_word' id='word_1_260' title='bbox 541 3771 657 3821; x_wconf 86' lang='lat' dir='ltr'><strong>eius</strong></span> <span class='ocrx_word' id='word_1_261' title='bbox 710 3780 890 3820; x_wconf 84' lang='lat' dir='ltr'><strong>causa.</strong></span> <span class='ocrx_word' id='word_1_262' title='bbox 955 3762 1290 3818; x_wconf 77' lang='lat' dir='ltr'><strong>Athletarum</strong></span> <span class='ocrx_word' id='word_1_263' title='bbox 1350 3779 1568 3835; x_wconf 87' lang='lat' dir='ltr'><strong>quoque</strong></span> <span class='ocrx_word' id='word_1_264' title='bbox 1621 3772 1896 3819; x_wconf 71' lang='lat' dir='ltr'><strong>conamen</strong></span> <span class='ocrx_word' id='word_1_265' title='bbox 1958 3772 2071 3818; x_wconf 87' lang='lat' dir='ltr'><strong>tum</strong></span> <span class='ocrx_word' id='word_1_266' title='bbox 2133 3766 2307 3837; x_wconf 75' lang='lat' dir='ltr'><strong>primo</strong></span> <span class='ocrx_word' id='word_1_267' title='bbox 2363 3766 2617 3820; x_wconf 77' lang='lat' dir='ltr'><strong>Romanis</strong></span> 
     </span>
     <span class='ocr_line' id='line_1_31' title="bbox 268 3848 2619 3923; baseline -0 -19"><span class='ocrx_word' id='word_1_268' title='bbox 268 3848 576 3923; x_wconf 81' lang='lat' dir='ltr'><strong>spectaculo</strong></span> <span class='ocrx_word' id='word_1_269' title='bbox 631 3849 730 3905; x_wconf 83' lang='lat' dir='ltr'><strong>fuit</strong></span> <span class='ocrx_word' id='word_1_270' title='bbox 787 3856 841 3904; x_wconf 82' lang='lat' dir='ltr'><strong>et</strong></span> <span class='ocrx_word' id='word_1_271' title='bbox 887 3848 1100 3903; x_wconf 77' lang='lat' dir='ltr'><strong>venatio</strong></span> <span class='ocrx_word' id='word_1_272' title='bbox 1153 3849 1279 3903; x_wconf 78' lang='lat' dir='ltr'><strong>dala</strong></span> <span class='ocrx_word' id='word_1_273' title='bbox 1324 3848 1540 3902; x_wconf 89' lang='lat' dir='ltr'><strong>leonum</strong></span> <span class='ocrx_word' id='word_1_274' title='bbox 1589 3857 1644 3902; x_wconf 82' lang='lat' dir='ltr'><strong>et</strong></span> <span class='ocrx_word' id='word_1_275' title='bbox 1693 3848 2079 3921; x_wconf 78' lang='lat' dir='ltr'><strong>pantherarum</strong></span> <span class='ocrx_word' id='word_1_276' title='bbox 2130 3858 2184 3902; x_wconf 87' lang='lat' dir='ltr'><strong>et</strong></span> <span class='ocrx_word' id='word_1_277' title='bbox 2235 3865 2404 3921; x_wconf 82' lang='lat' dir='ltr'><strong>prope</strong></span> <span class='ocrx_word' id='word_1_278' title='bbox 2461 3849 2619 3903; x_wconf 82' lang='lat' dir='ltr'><strong>huius</strong></span> 
     </span>
     <span class='ocr_line' id='line_1_32' title="bbox 268 3931 1917 4004; baseline 0.001 -18"><span class='ocrx_word' id='word_1_279' title='bbox 268 3932 469 3988; x_wconf 81' lang='lat' dir='ltr'><strong>saeculi</strong></span> <span class='ocrx_word' id='word_1_280' title='bbox 509 3931 664 4004; x_wconf 86' lang='lat' dir='ltr'><strong>copia</strong></span> <span class='ocrx_word' id='word_1_281' title='bbox 701 3948 765 3987; x_wconf 88' lang='lat' dir='ltr'><strong>ac</strong></span> <span class='ocrx_word' id='word_1_282' title='bbox 801 3932 1060 3988; x_wconf 77' lang='lat' dir='ltr'><strong>varietate</strong></span> <span class='ocrx_word' id='word_1_283' title='bbox 1097 3932 1366 3986; x_wconf 87' lang='lat' dir='ltr'><strong>ludicrum</strong></span> <span class='ocrx_word' id='word_1_284' title='bbox 1407 3931 1742 3987; x_wconf 86' lang='lat' dir='ltr'><strong>celebratum</strong></span> <span class='ocrx_word' id='word_1_285' title='bbox 1782 3940 1917 3987; x_wconf 77' lang='lat' dir='ltr'><strong>est.»</strong></span> 
     </span>
    </p>
   </div>
   <div class='ocr_carea' id='block_1_7' title="bbox 271 4028 2619 4286">
    <p class='ocr_par' dir='ltr' id='par_1_7' title="bbox 271 4028 2619 4286">
     <span class='ocr_line' id='line_1_33' title="bbox 481 4028 2619 4103; baseline 0 -18"><span class='ocrx_word' id='word_1_286' title='bbox 481 4034 506 4071; x_wconf 80' lang='lat'>2</span> <span class='ocrx_word' id='word_1_287' title='bbox 543 4030 618 4086; x_wconf 84' lang='lat' dir='ltr'><strong>cf.</strong></span> <span class='ocrx_word' id='word_1_288' title='bbox 655 4029 907 4102; x_wconf 87' lang='lat' dir='ltr'><strong>Polybius</strong></span> <span class='ocrx_word' id='word_1_289' title='bbox 945 4030 1037 4089; x_wconf 85' lang='lat' dir='ltr'>lib.</span> <span class='ocrx_word' id='word_1_290' title='bbox 1077 4030 1227 4101; x_wconf 82' lang='lat' dir='ltr'>XXX,</span> <span class='ocrx_word' id='word_1_291' title='bbox 1271 4030 1338 4086; x_wconf 90' lang='lat'><strong>13</strong></span> <span class='ocrx_word' id='word_1_292' title='bbox 1368 4032 1478 4103; x_wconf 88' lang='lat' dir='ltr'><strong>(ap.</strong></span> <span class='ocrx_word' id='word_1_293' title='bbox 1508 4031 1628 4085; x_wconf 84' lang='lat' dir='ltr'><strong>Ath.</strong></span> <span class='ocrx_word' id='word_1_294' title='bbox 1659 4029 1785 4099; x_wconf 89' lang='lat' dir='ltr'>XlV,</span> <span class='ocrx_word' id='word_1_295' title='bbox 1828 4047 1878 4102; x_wconf 89' lang='lat' dir='ltr'><strong>p.</strong></span> <span class='ocrx_word' id='word_1_296' title='bbox 1919 4031 2025 4085; x_wconf 77' lang='lat'><strong>615</strong></span> <span class='ocrx_word' id='word_1_297' title='bbox 2056 4029 2266 4101; x_wconf 80' lang='lat' dir='ltr'><strong>A—E);</strong></span> <span class='ocrx_word' id='word_1_298' title='bbox 2311 4048 2417 4102; x_wconf 89' lang='lat' dir='ltr'><strong>qua</strong></span> <span class='ocrx_word' id='word_1_299' title='bbox 2457 4028 2521 4085; x_wconf 90' lang='lat' dir='ltr'><strong>de</strong></span> <span class='ocrx_word' id='word_1_300' title='bbox 2562 4046 2619 4085; x_wconf 85' lang='lat' dir='ltr'><strong>re</strong></span> 
     </span>
     <span class='ocr_line' id='line_1_34' title="bbox 271 4116 816 4190; baseline 0.004 -19"><span class='ocrx_word' id='word_1_301' title='bbox 271 4117 406 4173; x_wconf 86' lang='lat' dir='ltr'><strong>infra</strong></span> <span class='ocrx_word' id='word_1_302' title='bbox 444 4134 500 4190; x_wconf 88' lang='lat' dir='ltr'><strong>p.</strong></span> <span class='ocrx_word' id='word_1_303' title='bbox 532 4116 600 4172; x_wconf 83' lang='lat'><strong>19</strong></span> <span class='ocrx_word' id='word_1_304' title='bbox 639 4132 816 4188; x_wconf 84' lang='lat' dir='ltr'><strong>agam.</strong></span> 
     </span>
     <span class='ocr_line' id='line_1_35' title="bbox 483 4211 2244 4286; baseline 0.001 -18"><span class='ocrx_word' id='word_1_305' title='bbox 483 4216 508 4257; x_wconf 81' lang='grc'>3</span> <span class='ocrx_word' id='word_1_306' title='bbox 547 4213 622 4269; x_wconf 85' lang='lat' dir='ltr'><strong>cf.</strong></span> <span class='ocrx_word' id='word_1_307' title='bbox 662 4230 706 4271; x_wconf 87' lang='lat' dir='ltr'><strong>c.</strong></span> <span class='ocrx_word' id='word_1_308' title='bbox 745 4212 844 4272; x_wconf 75' lang='lat'><strong>21:</strong></span> <span class='ocrx_word' id='word_1_309' title='bbox 887 4221 1011 4269; x_wconf 78' lang='lat' dir='ltr'><strong>«aut</strong></span> <span class='ocrx_word' id='word_1_310' title='bbox 1049 4211 1246 4286; x_wconf 83' lang='lat' dir='ltr'><strong>populo</strong></span> <span class='ocrx_word' id='word_1_311' title='bbox 1287 4212 1615 4284; x_wconf 78' lang='lat' dir='ltr'><strong>efflagitandi</strong></span> <span class='ocrx_word' id='word_1_312' title='bbox 1655 4212 1859 4267; x_wconf 87' lang='lat' dir='ltr'><strong>Graeca</strong></span> <span class='ocrx_word' id='word_1_313' title='bbox 1899 4211 2244 4269; x_wconf 76' lang='lat' dir='ltr'><strong>certamina.-</strong></span> 
     </span>
    </p>
   </div>
   <div class='ocr_carea' id='block_1_8' title="bbox 275 4308 2621 4551">
    <p class='ocr_par' dir='ltr' id='par_1_8' title="bbox 275 4308 2621 4551">
     <span class='ocr_line' id='line_1_36' title="bbox 481 4308 2621 4383; baseline -0.001 -18"><span class='ocrx_word' id='word_1_314' title='bbox 481 4316 508 4353; x_wconf 81' lang='grc'><strong>4</strong></span> <span class='ocrx_word' id='word_1_315' title='bbox 545 4310 618 4365; x_wconf 85' lang='lat' dir='ltr'><strong>Cf.</strong></span> <span class='ocrx_word' id='word_1_316' title='bbox 659 4310 873 4368; x_wconf 84' lang='lat' dir='ltr'><strong>Sueton.</strong></span> <span class='ocrx_word' id='word_1_317' title='bbox 929 4309 964 4365; x_wconf 88' lang='lat' dir='ltr'><strong>l.</strong></span> <span class='ocrx_word' id='word_1_318' title='bbox 1017 4327 1062 4367; x_wconf 93' lang='lat' dir='ltr'><strong>c.</strong></span> <span class='ocrx_word' id='word_1_319' title='bbox 1113 4309 1210 4365; x_wconf 74' lang='lat'>1⁶3:</span> <span class='ocrx_word' id='word_1_320' title='bbox 1283 4318 1368 4363; x_wconf 70' lang='grc' dir='ltr'><strong>σει</strong></span> <span class='ocrx_word' id='word_1_321' title='bbox 1427 4308 1686 4364; x_wconf 85' lang='lat' dir='ltr'><strong>orationis</strong></span> <span class='ocrx_word' id='word_1_322' title='bbox 1744 4310 1963 4381; x_wconf 86' lang='lat' dir='ltr'><strong>quidem</strong></span> <span class='ocrx_word' id='word_1_323' title='bbox 2022 4309 2385 4383; x_wconf 83' lang='lat' dir='ltr'><strong>carminisque</strong></span> <span class='ocrx_word' id='word_1_324' title='bbox 2446 4308 2621 4365; x_wconf 82' lang='lat' dir='ltr'><strong>Latini</strong></span> 
     </span>
     <span class='ocr_line' id='line_1_37' title="bbox 275 4393 2619 4467; baseline -0.001 -16"><span class='ocrx_word' id='word_1_325' title='bbox 275 4413 546 4464; x_wconf 87' lang='lat' dir='ltr'><strong>coronam,</strong></span> <span class='ocrx_word' id='word_1_326' title='bbox 603 4396 672 4451; x_wconf 90' lang='lat' dir='ltr'><strong>de</strong></span> <span class='ocrx_word' id='word_1_327' title='bbox 729 4412 836 4467; x_wconf 86' lang='lat' dir='ltr'><strong>qua</strong></span> <span class='ocrx_word' id='word_1_328' title='bbox 881 4395 1294 4450; x_wconf 74' lang='lat' dir='ltr'><strong>honestissimus</strong></span> <span class='ocrx_word' id='word_1_329' title='bbox 1333 4393 1561 4465; x_wconf 83' lang='lat' dir='ltr'><strong>quisque</strong></span> <span class='ocrx_word' id='word_1_330' title='bbox 1616 4394 1991 4461; x_wconf 85' lang='lat' dir='ltr'><strong>contenderat,</strong></span> <span class='ocrx_word' id='word_1_331' title='bbox 2054 4395 2299 4467; x_wconf 87' lang='lat' dir='ltr'><strong>ipsorum</strong></span> <span class='ocrx_word' id='word_1_332' title='bbox 2354 4412 2619 4450; x_wconf 85' lang='lat' dir='ltr'><strong>consensu</strong></span> 
     </span>
     <span class='ocr_line' id='line_1_38' title="bbox 279 4479 1026 4551; baseline -0.004 -17"><span class='ocrx_word' id='word_1_333' title='bbox 279 4498 588 4537; x_wconf 80' lang='lat' dir='ltr'><strong>concessam</strong></span> <span class='ocrx_word' id='word_1_334' title='bbox 629 4479 731 4535; x_wconf 81' lang='lat' dir='ltr'><strong>sibi</strong></span> <span class='ocrx_word' id='word_1_335' title='bbox 771 4479 1026 4551; x_wconf 77' lang='lat' dir='ltr'><strong>recepit.»</strong></span> 
     </span>
    </p>
   </div>
   <div class='ocr_carea' id='block_1_9' title="bbox 2410 4587 2442 4639">
    <p class='ocr_par' dir='ltr' id='par_1_9' title="bbox 2410 4587 2442 4639">
     <span class='ocr_line' id='line_1_39' title="bbox 2410 4587 2442 4639; baseline 0 0"><span class='ocrx_word' id='word_1_336' title='bbox 2410 4587 2442 4639; x_wconf 84' lang='lat'>2</span> 
     </span>
    </p>
   </div>
  </div>
 </body>
</html>
