3175 5109
76 1583 252 1637 A.195
269 1582 503 1637 a.Chr.n.

1494 408 1893 467 —22-

739 592 836 659 Xe
863 592 986 659 hoc
1017 591 1273 675 quidem
1305 593 1639 675 theatrum,
1670 592 1749 657 de
1782 616 1903 679 quo
1936 596 2165 681 agitur,
2204 594 2398 661 fuisse
2427 596 2726 680 lignenm,
2756 594 2872 661 sed

524 700 866 786 lapideum,
915 720 1254 782 quamqum
1293 699 1548 767 disertis
1596 703 1809 769 verbis
1856 724 1979 768 non
2028 701 2264 768 dictum
2312 708 2431 784 est,
2478 707 2692 767 tamen
2738 702 2874 769 iure

526 809 729 875 conici
775 814 1006 892 potest.
1059 807 1245 885 Quod
1272 808 1540 892 primum
1589 809 1843 892 quidem
1882 817 2149 896 apparet
2186 831 2267 876 ex
2304 829 2511 876 rerum
2552 816 2873 895 contextu,

527 916 822 999 quoniam
871 934 1087 1000 opera,
1137 933 1300 997 quae
1352 924 1800 983 commemorat
1837 917 1941 983 hic
1978 919 2267 1003 scriptor,
2314 917 2523 983 omnia
2557 916 2877 1001 lapidibus

526 1022 830 1089 struenda
893 1027 1111 1103 erant3
1180 1022 1451 1105 accedit,
1504 1024 1675 1106 quod
1736 1044 2033 1091 censores
2097 1025 2373 1111 ligneum
2420 1043 2579 1108 opus
2633 1029 2702 1088 ut
2750 1024 2876 1089 vile

525 1131 839 1196 locavisse
903 1128 1209 1195 dissimile
1270 1134 1368 1194 est
1436 1130 1592 1195 veri.
1689 1130 1999 1197 Censores
2063 1131 2253 1213 igitur
2311 1131 2457 1195 anni
2535 1130 2659 1195 154
2721 1130 2878 1197 nihil

527 1236 701 1303 aliud
765 1236 1072 1316 fecerunt,
1154 1235 1275 1301 nisi
1340 1242 1409 1301 ut
1471 1258 1586 1322 pro
1653 1237 1904 1304 theatro
1968 1238 2183 1325 ligneo
2249 1243 2439 1319 atque
2500 1235 2563 1302 in
2628 1244 2877 1324 tempus

527 1345 699 1411 facto
722 1349 743 1391 ¹
792 1344 1114 1430 lapideum
1138 1348 1165 1389 2
1201 1350 1516 1409 struerent
1553 1344 1744 1429 idque
1780 1346 2179 1430 perficerent,
2218 1344 2388 1429 quod
2426 1352 2573 1411 ante
2612 1366 2725 1413 eos
2770 1347 2879 1413 alii

529 1453 655 1518 iam
703 1444 905 1517 moliti
953 1457 1151 1517 erant.

745 1568 877 1634 Sed
923 1567 1053 1633 iam
1099 1567 1503 1652 pervenimus
1550 1568 1635 1633 ad
1678 1567 1767 1649 id,
1808 1570 1977 1650 quod
2020 1571 2271 1655 proprie
2308 1570 2618 1635 habemus
2653 1589 2881 1655 propo-

531 1678 740 1760 situm,
804 1676 1240 1742 demonstrare
1301 1675 1540 1761 gradus
1587 1676 1715 1740 iam
1764 1676 1848 1740 ad
1894 1676 2104 1742 Plauti
2164 1683 2451 1763 tempora
2511 1676 2881 1745 referendos

535 1805 698 1853 esse.
749 1783 892 1862 Qua
926 1784 992 1847 in
1031 1783 1402 1865 quaestione
1451 1782 1767 1850 solvenda
1811 1803 1891 1847 ex
1930 1801 2030 1865 ec,
2070 1784 2239 1867 quod
2280 1806 2444 1850 anno
2488 1786 2615 1850 195
2641 1807 2699 1851 a.
2736 1787 2881 1853 Chr.

534 1914 596 1957 n.
643 1894 789 1957 loca
852 1895 1218 1956 senatorum
1282 1890 1346 1955 in
1399 1891 1566 1956 ludis
1628 1891 1942 1957 scaenicis
2002 1913 2041 1956 a
2100 1892 2359 1974 reliquis
2420 1898 2673 1959 secreta
2717 1900 2883 1976 sunt,

536 1999 689 2065 nihil
755 1998 913 2064 certi
979 1995 1193 2083 colligi
1255 2002 1502 2081 potest3
1568 2003 1784 2063 tamen
1848 1999 1999 2080 quia
2063 1999 2149 2064 ad
2210 2021 2345 2064 rem
2414 2020 2455 2065 a
2506 1999 2691 2066 nobis
2757 2001 2884 2067 dis-

535 2112 823 2192 putatam
886 2106 1223 2186 pertinent,
1289 2104 1413 2170 loci
1477 2103 1562 2170 ad
1626 2125 1771 2170 eam
1838 2126 1971 2170 rem
2036 2112 2403 2191 spectantes
2478 2105 2655 2192 digni
2718 2113 2882 2189 sunt,

537 2215 643 2296 qui
708 2212 927 2298 paucis
989 2211 1396 2276 illustrentur.
1472 2212 1566 2276 Ac
1632 2211 1899 2297 primum
1966 2213 2223 2295 quidem
2300 2212 2605 2299 respicias
2669 2216 2885 2295 velim,

536 2340 700 2403 quae
792 2320 1085 2403 leguntur
1176 2318 1348 2402 apud
1437 2317 1686 2384 Livium
1777 2320 2087 2402 XXXIV,
2178 2321 2289 2403 44,
2380 2321 2469 2386 5:
2556 2321 2887 2408 „Gratiam

538 2446 788 2512 quoque
859 2427 1184 2511 ingentem
1265 2425 1435 2511 apud
1510 2446 1657 2492 eum
1730 2427 2017 2493 ordinem
2090 2429 2251 2513 (scil.
2330 2430 2690 2515 senatores)
2774 2452 2885 2514 pe-

537 2541 855 2623 pererunt,
918 2533 1088 2617 quod
1150 2532 1315 2599 ludis
1362 2534 1664 2600 Romanis
1724 2534 2041 2602 aedilibus
2102 2537 2419 2603 curulibus
2476 2537 2883 2623 imperarunt,

537 2651 606 2709 ut
651 2646 796 2710 loca
840 2641 1165 2709 senatoria
1209 2647 1619 2708 secernerent
1666 2663 1707 2706 a
1752 2642 2025 2727 populo;
2110 2665 2258 2709 nam
2304 2650 2494 2710 antea
2539 2643 2602 2709 in
2657 2644 2884 2729 promi-

539 2772 691 2818 scuo
730 2749 1159 2836 spectarant.“

749 2857 850 2923 Ad
915 2857 1182 2923 eandem
1245 2877 1382 2921 rem
1444 2856 1785 2923 referenda
1848 2863 1993 2923 sunt
2058 2860 2277 2939 verba,
2362 2878 2525 2941 quae
2589 2860 2885 2944 leguntur

538 2966 778 3032 ibidem
840 2963 1146 3046 XXXIV,
1229 2964 1350 3027 54:
1421 2964 1819 3050 „Megalesia
1882 2965 2069 3031 ludos
2131 2966 2461 3031 scaenicos
2520 2966 2592 3029 L.
2655 2966 2884 3031 Atilius

539 3078 874 3155 Serranus,
939 3074 1012 3139 L.
1060 3074 1434 3140 Scribonius
1489 3075 1651 3140 Libo
1719 3073 1963 3139 aediles
2024 3072 2273 3139 curules
2331 3072 2518 3158 primi
2576 3072 2882 3140 fecerunt.

539 3184 780 3249 Horum
817 3181 1119 3248 aedilium
1149 3182 1336 3248 Indos
1371 3183 1693 3248 Romanos
1726 3182 1996 3268 primum
2028 3185 2289 3247 senatus
2325 3202 2366 3246 a
2398 3183 2636 3266 populo
2674 3202 2887 3249 secre-

541 3298 640 3355 tus
688 3289 1004 3375 spectavit
1049 3289 1470 3375 praebuitque
1518 3309 1865 3371 sermones,
1930 3289 2091 3355 sicut
2138 3286 2341 3355 omnis
2400 3289 2653 3355 novitas
2702 3291 2887 3373 solet,

541 3398 685 3463 aliis
731 3398 1010 3479 tandem,
1050 3397 1220 3480 quod
1266 3399 1461 3462 multo
1501 3402 1652 3463 ante
1691 3396 2003 3476 debuerit,
2051 3396 2353 3461 tributum
2382 3396 2889 3463 existimantibus

543 3505 932 3589 amplissimo
980 3505 1205 3587 ordini,
1254 3503 1398 3570 aliis
1447 3505 1770 3588 demptum
1820 3522 1901 3567 ex
1948 3502 2257 3589 dignitate
2295 3504 2533 3588 populi,
2581 3503 2888 3587 quidquid

541 3614 861 3680 maiestati
938 3619 1190 3699 patrum
1255 3612 1571 3678 adiectum
1640 3618 1811 3678 esset
1868 3612 2455 3697 interpretantibus,
2538 3616 2603 3675 et
2676 3610 2889 3677 omnia

543 3721 906 3787 discrimina
951 3720 1127 3805 talia,
1176 3719 1401 3804 quibus
1448 3719 1703 3785 ordines
1749 3719 2277 3801 discernerentur,
2314 3728 2379 3784 et
2416 3717 2794 3785 concordiae
2823 3724 2890 3784 et

541 3828 857 3896 libertatis
921 3847 1168 3911 aequae
1233 3826 1612 3893 minuendae
1676 3846 1858 3910 esse3
1927 3826 2011 3891 ad
2071 3826 2641 3910 quingentesimum
2690 3824 2885 3908 [quin-

761 4145 781 4182 1
819 4143 893 4200 cf.
931 4145 1101 4201 Taciti
1152 4162 1274 4203 ann.
1316 4144 1443 4213 XIV,
1498 4146 1599 4203 821:
1654 4144 1780 4200 «sed
1837 4152 1889 4199 et
1948 4140 2250 4199 consultum
2302 4139 2682 4213 parsimoniae,
2741 4145 2887 4216 quod

545 4238 807 4304 perpetua
844 4230 1002 4286 sedes
1040 4230 1250 4285 theatro
1289 4229 1466 4286 locata
1517 4230 1584 4284 sit
1623 4230 1802 4302 potius
1852 4243 2010 4301 quam
2060 4226 2325 4280 immenso
2380 4233 2596 4297 sumptu
2648 4228 2887 4301 singulos

546 4333 644 4389 per
681 4331 850 4371 annos
889 4322 1241 4387 consurgeret
1278 4330 1342 4369 ac
1378 4314 1766 4370 destrueretur.
1782 4336 1800 4359 ι»
1860 4335 1865 4341 ·

761 4434 785 4472 2
823 4430 896 4487 Cf.
935 4430 1202 4498 Orosium,
1265 4429 1359 4501 qui
1396 4427 1601 4484 Livium
1655 4435 1871 4484 secutus
1927 4428 1963 4487 1.
2002 4443 2049 4486 c.
2085 4426 2186 4497 (IV,
2225 4426 2313 4495 ⁶21,
2358 4428 2411 4499 4)
2447 4428 2584 4483 haec
2622 4426 2884 4499 praebet:

555 4515 782 4573 «Eodem
823 4525 1066 4590 tempore
1106 4532 1358 4573 censores
1396 4514 1668 4571 theatrum
1708 4514 1977 4587 lapideum
2018 4513 2257 4571 construi
2296 4521 2671 4571 censuerunt.-
