3175 5109
1235 374 1629 431 ...29-

251 556 470 625 dicant
515 559 885 644 popularem
932 580 1300 626 consessum
1349 567 1413 625 et
1474 580 1899 629 consessores.
1988 561 2213 645 Neque
2264 582 2415 631 vero
2476 563 2599 631 dis-

256 672 518 751 crepant
563 667 840 751 tabulae,
881 688 1042 751 quae
1082 668 1375 734 dicuntur
1425 671 1775 752 censoriae,
1826 692 1967 737 cum
2012 672 2291 739 referant
2330 692 2407 738 eo
2438 693 2600 738 anno

249 780 507 840 secreta
555 794 695 841 esse
747 797 785 841 a
830 777 1062 861 populo
1111 777 1255 843 loca
1299 781 1644 844 senatoria.
1741 778 1920 857 Quae
1966 780 2072 845 vix
2130 781 2603 867 intelleguntur,

251 880 307 945 si
353 889 686 955 senatores
733 884 798 947 in
845 883 1092 949 theatro
1141 890 1286 950 ante
1337 886 1400 951 id
1450 892 1697 972 tempus
1744 888 2088 970 stetissent,
2138 890 2242 954 vel
2290 888 2345 954 si
2400 889 2601 955 sellas

251 988 709 1057 adhibuissent.

467 1123 600 1189 Sed
659 1122 1043 1189 Ritschelius
1089 1125 1155 1209 (l.
1205 1144 1258 1189 c.
1308 1146 1369 1209 p.
1440 1123 1601 1211 216)
1662 1124 1985 1190 Valerium
2050 1125 2391 1190 Maximum
2450 1125 2604 1191 nihil

253 1229 336 1295 de
392 1229 764 1297 sedentibus
824 1220 1288 1315 spectatoribus
1356 1232 1568 1297 dicere
1636 1231 1948 1313 affirmat3
2021 1232 2343 1300 Ciceronis
2408 1233 2603 1299 Asco-

249 1338 465 1421 niique
526 1337 741 1404 verbis
799 1338 954 1403 nihil
1019 1339 1278 1423 probari
1325 1339 1671 1421 contendit,
1718 1340 1841 1405 nisi
1906 1340 2179 1405 fortasse
2248 1360 2327 1405 ea
2389 1348 2603 1405 aetate

251 1465 431 1511 usum
494 1445 792 1511 sellarum
842 1446 967 1513 iam
1000 1446 1190 1541 'satis
1257 1448 1702 1531 pervulgatum
1751 1447 1987 1529 fuisse3
2060 1447 2312 1512 Livium
2379 1452 2601 1532 aperte

249 1552 622 1635 posterioris
667 1554 896 1620 aetatis
944 1554 1234 1619 instituta
1279 1556 1363 1620 ad
1408 1555 1673 1638 pristina
1718 1562 2008 1640 tempora
2054 1555 2375 1621 rettulisse
2425 1555 2599 1620 dicit.

249 1660 352 1725 De
391 1660 648 1727 Valerio
695 1660 971 1727 Maximo
1018 1682 1144 1727 non
1192 1669 1308 1743 est,
1360 1662 1529 1743 quod
1578 1664 1845 1728 verbum
1892 1663 2148 1728 addam.
2228 1662 2602 1728 Ciceronem

254 1775 449 1850 certe,
511 1770 632 1834 etsi
677 1768 934 1835 Antiate
982 1791 1105 1835 non
1153 1789 1302 1850 usus
1353 1780 1469 1852 est,
1521 1771 1769 1852 cadem,
1819 1789 1983 1853 quae
2032 1770 2278 1834 Livium
2328 1772 2603 1835 sensisse

253 1882 537 1960 apparet.
586 1877 915 1961 Respicias
953 1877 1139 1957 enim,
1180 1898 1342 1959 quae
1374 1878 1701 1944 Ciceronis
1732 1879 2027 1963 leguntur
2066 1878 2234 1962 apud
2264 1878 2603 1944 Asconium

251 1983 293 2045 l.
361 2004 448 2049 c.:
527 1984 638 2067 „P.
678 1983 1012 2050 Africanus
1060 2033 1075 2047 .
1128 2032 1145 2048 .
1192 2005 1420 2069 passus
1471 1992 1643 2051 esset
1704 1991 1835 2049 tum
1889 1987 2156 2070 primum
2217 2007 2258 2050 a
2317 1985 2603 2070 populari

253 2110 558 2155 consessu
603 2092 925 2156 senatoria
968 2093 1257 2160 subsellia
1303 2093 1675 2177 separari“:,
1722 2094 1875 2157 item
1924 2093 2001 2157 cf.
2054 2092 2223 2174 quod
2263 2094 2488 2158 Cicero
2521 2093 2601 2157 de

252 2200 509 2284 harusp.
579 2220 745 2283 resp.
818 2200 921 2280 12,
969 2200 1056 2263 24
1117 2199 1350 2265 refert:
1449 2221 1637 2285 „nam
1699 2201 1852 2283 quid
1914 2221 2034 2286 ego
2095 2200 2176 2265 de
2241 2201 2369 2265 illis
2435 2198 2601 2263 ludis

250 2307 496 2387 loquar,
557 2325 716 2388 quos
780 2306 844 2369 in
891 2306 1144 2372 Palatio
1191 2307 1389 2373 nostri
1436 2307 1709 2374 maiores
1770 2313 1915 2375 aute
1978 2308 2280 2392 templum
2340 2306 2399 2369 in
2461 2306 2602 2390 ipso

250 2413 474 2478 Matris
512 2414 787 2496 Magnae
838 2420 1179 2497 conspectu
1227 2414 1658 2499 Megalesibus
1706 2414 1844 2480 fieri
1893 2413 2330 2495 celebrarique
2378 2415 2600 2478 volue-

246 2526 392 2585 runt
423 2519 456 2583 ‘?
505 2521 611 2603 qui
656 2528 801 2586 sunt
847 2541 1023 2586 more
1063 2522 1457 2603 institutique
1492 2522 1765 2586 maxime
1816 2523 1995 2603 casti,
2044 2523 2404 2602 sollemnes,
2453 2521 2596 2586 reli-

245 2627 430 2709 giosi,
480 2628 705 2709 quibus
752 2628 918 2694 ludis
966 2628 1234 2714 primum
1274 2636 1422 2696 ante
1461 2629 1681 2714 populi
1713 2649 2074 2695 consessum
2115 2629 2363 2694 senatui
2391 2629 2600 2693 locum

245 2735 316 2798 P.
382 2734 717 2801 Africanus
783 2736 1009 2801 iterum
1075 2738 1290 2803 consul
1365 2738 1472 2802 ille
1547 2738 1749 2803 maior
1812 2735 2059 2803 dedit.“
2142 2736 2385 2814 Quibus
2457 2754 2597 2799 cum

244 2842 459 2907 verbis
526 2842 816 2907 conferas
883 2844 1174 2928 exempli
1225 2844 1432 2929 gratia
1497 2849 1655 2911 orat.
1721 2864 1835 2927 pro
1901 2843 2052 2910 Sex,
2108 2843 2341 2909 Roscio
2388 2846 2427 2923 ξ
2474 2843 2595 2906 59:

251 2949 714 3032 „Posteaquam
771 2950 1012 3015 invenit
1074 2951 1391 3016 neminem
1458 2971 1697 3032 eorum,
1747 2951 1853 3032 qui
1916 2957 2179 3036 possunt
2248 2958 2311 3015 et
2369 2951 2595 3033 solent,

243 3055 332 3121 ita
390 3058 741 3140 neglegens
806 3077 950 3123 esse
997 3060 1228 3141 coepit,
1296 3064 1363 3122 ut
1407 3097 1494 3103 —
1542 3064 1754 3123 vestro
1804 3077 2106 3123 consessu
2161 3063 2225 3122 ct
2276 3058 2400 3122 hoc
2447 3064 2593 3121 con*-

243 3171 437 3229 ventu
484 3185 597 3249 pro
645 3186 889 3230 summa
948 3166 1286 3231 solitudine
1352 3167 1740 3232 abuteretur.
1834 3164 2168 3230 Peroravit
2230 3161 2594 3245 aliquandO,

245 3272 535 3355 adsedit3
583 3274 828 3339 surrexi
874 3274 1059 3360 ego.“
1114 3273 1291 3339 Conf.
1345 3273 1558 3354 etiam,
1609 3274 1662 3337 si
1711 3272 1870 3336 tanti
1908 3277 2024 3354 cst,
2076 3292 2164 3338 or.
2205 3291 2318 3355 pro
2358 3270 2593 3335 Milone

243 3384 283 3460 ξ
339 3383 408 3445 1:
497 3380 682 3463 „Non
764 3381 932 3446 enim
1011 3401 1244 3446 corona
1319 3399 1654 3448 consessus
1729 3385 1943 3445 vester
2018 3380 2259 3445 cinctus
2326 3383 2443 3458 est,
2527 3381 2596 3440 ut
2682 3388 2687 3394 ·

244 3487 556 3553 solebat.“

422 3604 637 3670 Potuit
701 3610 870 3671 certe
935 3603 1092 3686 fieri,
1151 3610 1217 3668 ut
1275 3610 1339 3669 et
1386 3605 1680 3671 Valerius
1717 3594 1949 3670 antias
2017 3609 2081 3668 et
2142 3603 2399 3685 ignotus
2460 3599 2592 3680 ille,

244 3730 432 3791 quem
495 3711 718 3777 Cicero
793 3711 1076 3794 sequitur
1153 3717 1393 3793 auctor,
1481 3710 1776 3795 propriae
1842 3710 2072 3775 aetatis
2149 3708 2434 3773 instituta
2514 3705 2597 3770 ad

243 3818 510 3901 pristina
572 3828 856 3903 tempora
919 3825 1315 3884 revocarent.
1408 3816 1538 3883 Sed
1605 3816 1993 3904 argumentis
2052 3815 2174 3879 hoc
2246 3812 2596 3878 Ritschelio

240 3925 674 4008 probandum'
731 3933 886 3989 erat.
1006 3925 1264 3992 Nullum
1347 3926 1611 3989 allatum
1688 3924 1897 4004 vide0,
1982 3922 2101 3985 nisi
2193 3920 2355 3985 forte
2449 3921 2593 3985 loco

244 4032 545 4114 eiusdem,
587 4052 775 4115 quem
816 4031 1006 4098 modo
1054 4031 1468 4118 impugnavit,
1511 4030 1836 4096 Ciceronis
1875 4049 1955 4094 ex
1994 4028 2157 4094 libro
2199 4027 2279 4092 de
2319 4025 2598 4091 amicitia

246 4137 306 4220 7,
400 4140 488 4204 24
555 4139 755 4224 petito
837 4160 951 4224 pro
1034 4145 1404 4225 argumento
1492 4138 1584 4202 uti
1670 4138 1979 4217 volumuS‚
2066 4133 2133 4198 id
2201 4133 2370 4217 quod
2445 4132 2597 4198 fecit

241 4245 622 4312 Ritschelius
686 4246 749 4311 in
814 4244 1207 4330 praefatione
1285 4268 1346 4331 p.
1414 4244 1666 4310 XVIII.
1750 4244 1968 4309 Verba
2042 4240 2367 4307 Ciceronis
2434 4240 2595 4304 haec

239 4352 427 4417 sunt:
482 4351 644 4437 „Qui
692 4354 999 4419 clamores
1045 4360 1181 4418 tota
1230 4372 1430 4418 cavea
1471 4370 1675 4435 nuper
1721 4351 1787 4414 in
1831 4348 2207 4434 hospitis-et
2243 4348 2429 4413 amici
2468 4347 2593 4410 mei

240 4460 323 4525 M.
387 4460 627 4525 Pacuvi
689 4479 860 4525 nova
923 4459 1180 4543 sabula3
1260 4479 1400 4525 cum
1474 4458 1807 4544 ignorante
1877 4476 2050 4542 rege,
2121 4462 2261 4520 uter
2329 4453 2592 4519 Orestes
