3175 5109
90 1573 266 1627 A.195
283 1573 517 1627 a.Cln·.n.

1507 400 1908 457 -22-

752 584 850 650 Ne
878 582 1000 651 hoc
1031 583 1286 665 quidem
1319 585 1653 667 theatrum,
1684 584 1763 649 de
1795 607 1917 670 quo
1950 587 2179 671 agitur,
2218 585 2412 652 fuisse
2440 586 2739 671 ligneum,
2770 585 2886 651 sed

537 691 881 777 lapideum,
929 711 1268 774 quamqum
1307 690 1562 757 disertis
1609 695 1822 760 verbis
1869 715 1993 759 non
2042 692 2279 759 dictum
2326 699 2444 774 est,
2492 698 2705 758 tamen
2753 693 2888 759 iure

541 801 743 867 conici
789 805 1020 884 potest.
1074 799 1257 875 Quod
1286 800 1554 883 primum
1602 801 1857 883 quidem
1896 807 2163 887 apparet
2200 821 2281 867 ex
2318 820 2527 866 rerum
2567 806 2887 885 contextu,

541 907 838 989 quoniam
884 926 1101 991 opera,
1151 924 1314 988 quae
1365 915 1814 975 commemorat
1850 908 1954 975 hic
1991 909 2279 993 scriptor,
2328 908 2536 973 omnia
2570 907 2891 992 lapidibus

540 1013 844 1081 struenda
907 1018 1125 1095 erant,
1195 1013 1464 1097 accedit,
1517 1015 1689 1097 quod
1750 1035 2047 1082 censores
2108 1016 2386 1101 ligneum
2434 1035 2593 1099 opus
2647 1021 2717 1080 ut
2764 1015 2889 1081 vile

540 1120 854 1187 locavisse
917 1120 1223 1187 dissimile
1283 1126 1382 1185 est
1449 1120 1605 1185 veri.
1702 1122 2012 1188 Censores
2076 1122 2267 1205 igitur
2324 1121 2471 1187 anni
2548 1120 2673 1185 154
2733 1121 2891 1188 nihil

541 1227 714 1293 aliud
779 1226 1086 1307 fecerunt,
1168 1226 1288 1292 nisi
1354 1233 1422 1292 ut
1483 1249 1600 1313 pro
1666 1230 1917 1295 theatro
1981 1230 2195 1316 ligneo
2262 1234 2453 1312 atque
2513 1228 2575 1293 in
2642 1235 2891 1314 tempus

541 1336 714 1402 facto
737 1340 758 1382 1
806 1336 1130 1421 lapideum
1152 1338 1178 1379 2
1215 1341 1530 1400 struerent
1565 1335 1757 1420 idque
1792 1338 2193 1421 perficerent,
2232 1337 2401 1421 quod
2438 1343 2586 1403 ante
2626 1356 2737 1404 eos
2783 1337 2893 1403 alii

543 1445 670 1509 iam
717 1435 920 1508 moliti
967 1448 1165 1507 erant.

759 1559 892 1625 Sed
936 1558 1067 1623 iam
1112 1558 1516 1642 pervenimus
1564 1559 1648 1624 ad
1692 1558 1781 1641 id,
1820 1562 1990 1641 quod
2032 1562 2284 1646 proprie
2322 1561 2631 1627 habemus
2667 1582 2893 1646 propo-

545 1670 754 1751 situm,
817 1666 1254 1731 demonstrare
1315 1664 1554 1751 gradus
1601 1666 1728 1731 iam
1778 1667 1859 1732 ad
1907 1668 2116 1734 Plauti
2178 1675 2466 1754 tempora
2524 1668 2893 1736 referendos

549 1796 712 1843 esse.
763 1773 906 1852 Qua
940 1774 1004 1838 in
1045 1773 1416 1856 quaestione
1465 1772 1780 1841 solvenda
1824 1794 1904 1839 ex
1944 1794 2042 1857 eo,
2083 1776 2253 1859 quod
2292 1797 2457 1841 anno
2502 1777 2628 1841 195
2654 1798 2711 1842 a.
2748 1778 2893 1845 Chr.

547 1905 610 1948 n.
656 1885 802 1947 loca
866 1884 1233 1946 senatorum
1295 1880 1361 1944 in
1413 1880 1580 1946 ludis
1642 1882 1954 1949 scaenicis
2016 1905 2055 1948 a
2113 1884 2371 1966 reliquis
2432 1889 2685 1950 secreta
2730 1891 2895 1966 sunt,

550 1989 704 2055 nihil
769 1988 926 2054 certi
992 1986 1205 2073 colligi
1270 1992 1516 2072 potest3
1583 1993 1797 2055 tamen
1862 1991 2013 2071 quia
2078 1991 2162 2055 ad
2224 2012 2359 2055 rem
2426 2012 2467 2056 a
2519 1991 2703 2057 nobis
2768 1992 2897 2059 dis-

547 2103 837 2183 putatam
899 2095 1237 2177 pertinent,
1304 2096 1426 2160 loci
1492 2094 1576 2161 ad
1641 2116 1785 2161 eam
1848 2118 1984 2161 rem
2050 2104 2416 2183 spectantes
2492 2097 2667 2183 digni
2730 2104 2895 2179 sunt,

550 2206 656 2287 qui
721 2203 940 2288 paucis
1002 2202 1410 2267 illustrentur.
1485 2202 1580 2267 Ac
1644 2202 1911 2287 primum
1980 2204 2237 2286 quidem
2312 2204 2617 2290 respicias
2681 2207 2897 2287 velim,

549 2331 714 2393 quae
804 2311 1098 2394 leguntur
1190 2309 1361 2393 apud
1450 2308 1700 2374 Livium
1790 2311 2100 2393 XXXIV,
2192 2312 2301 2394 44,
2394 2312 2480 2376 5:
2568 2312 2899 2398 „Gratiam

551 2437 801 2503 quoque
871 2418 1194 2501 ingentem
1279 2417 1448 2501 apud
1525 2436 1669 2483 eum
1743 2418 2027 2483 ordinem
2102 2419 2263 2504 (scil.
2342 2420 2701 2505 senatores)
2786 2443 2898 2505 pe-

551 2531 868 2613 pererunt,
931 2523 1100 2607 quod
1163 2524 1329 2589 ludis
1376 2525 1677 2590 Romanis
1738 2525 2053 2592 aedilibus
2115 2528 2432 2594 curulibus
2488 2528 2895 2614 imperarunt,

552 2641 620 2699 ut
663 2636 810 2699 loca
853 2632 1178 2699 senatoria
1221 2638 1631 2698 secernerent
1679 2654 1720 2697 a
1766 2633 2038 2718 populo3
2122 2654 2270 2699 nam
2318 2641 2506 2700 antea
2550 2635 2615 2699 in
2669 2636 2896 2719 promi-

553 2762 704 2808 scuo
743 2740 1172 2826 spectarent.“

763 2848 864 2913 Ad
929 2848 1196 2913 eandem
1259 2868 1392 2912 rem
1457 2846 1799 2915 referenda
1860 2855 2005 2914 sunt
2070 2851 2289 2930 verba,
2374 2869 2539 2931 quae
2601 2850 2898 2935 leguntur

551 2957 791 3023 ibidem
853 2954 1160 3037 XXXIV,
1243 2955 1364 3019 54:
1433 2954 1831 3041 „Megalesia
1894 2956 2080 3021 ludos
2144 2956 2474 3022 scaenicos
2534 2957 2605 3021 L.
2668 2956 2897 3023 Atilius

552 3069 886 3146 Serranus,
953 3065 1025 3130 L.
1073 3064 1446 3131 Scribonius
1502 3064 1664 3130 Libo
1732 3064 1975 3130 aediles
2037 3065 2285 3130 curules
2344 3064 2530 3149 primi
2588 3063 2895 3131 fecerunt.

552 3175 791 3240 Horum
832 3172 1133 3239 aedilium
1161 3174 1349 3239 Indos
1384 3174 1707 3239 Romanos
1739 3172 2009 3258 primum
2040 3177 2301 3237 senatus
2337 3193 2377 3237 a
2410 3173 2648 3258 populo
2688 3192 2901 3238 secre-

553 3288 654 3346 tus
700 3280 1018 3366 spect-avit
1063 3281 1484 3366 praebuitque
1531 3299 1878 3362 sermoneS,
1942 3280 2105 3345 sicut
2151 3278 2353 3346 omnis
2412 3280 2665 3345 novitas
2714 3282 2900 3363 solet,

554 3390 698 3454 aliis
744 3388 1024 3470 tandem,
1063 3388 1233 3471 quod
1279 3390 1473 3453 multo
1514 3394 1663 3453 ante
1705 3387 2016 3469 debuerit,
2063 3387 2365 3453 tributum
2394 3387 2902 3454 existimantibus

556 3496 944 3581 amplissimo
993 3495 1218 3578 ordini,
1267 3494 1410 3561 aliis
1460 3495 1783 3579 demptum
1832 3514 1914 3559 ex
1962 3493 2270 3579 dignitate
2308 3495 2545 3579 populi,
2594 3493 2902 3577 quidquid

554 3604 873 3671 maiestati
952 3610 1204 3690 patrum
1268 3602 1584 3668 adiectum
1652 3608 1823 3669 esset
1881 3602 2467 3687 interpretantibus,
2552 3607 2616 3666 et
2689 3600 2901 3667 omnia

557 3712 918 3778 discrimina
962 3710 1140 3796 talia,
1189 3710 1414 3793 quibus
1461 3710 1715 3776 ordines
1763 3709 2288 3792 discernerentur,
2326 3717 2391 3775 et
2428 3707 2804 3776 concordiae
2836 3714 2903 3775 et

553 3818 870 3886 libertatis
934 3838 1180 3901 aequae
1243 3816 1624 3883 minuendae
1690 3836 1871 3901 esse3
1938 3817 2022 3883 ad
2082 3817 2654 3901 quingentesimum
2702 3815 2897 3899 [quin-

773 4136 793 4172 1
832 4133 905 4191 Cf.
944 4135 1113 4191 Taciti
1164 4152 1286 4193 ann.
1328 4136 1454 4203 XIV,
1511 4136 1612 4193 ⁸21:
1667 4135 1793 4191 «sed
1849 4141 1901 4189 et
1958 4131 2262 4189 consultum
2315 4131 2695 4204 parsimoniae,
2754 4136 2900 4207 quod

557 4229 820 4293 perpetua
857 4220 1014 4276 sedes
1051 4220 1262 4276 theatro
1301 4219 1477 4276 locata
1529 4220 1597 4275 sit
1636 4219 1813 4291 potius
1864 4234 2022 4291 quam
2072 4216 2337 4272 immenso
2394 4222 2609 4289 sumptu
2661 4219 2900 4292 singulos

557 4322 656 4379 per
694 4321 863 4361 annos
902 4313 1252 4377 consurgeret
1290 4321 1353 4360 ac
1390 4304 1812 4360 destrueretur.»
1872 4324 1877 4333 ·

773 4424 798 4461 2
835 4420 909 4477 Cf.
948 4420 1214 4488 orosium,
1277 4420 1370 4491 qui
1407 4417 1613 4475 Livium
1667 4427 1883 4475 secutus
1938 4420 1975 4479 1.
2015 4434 2061 4476 c.
2098 4418 2199 4489 (IV,
2238 4418 2326 4487 21,
2370 4420 2423 4490 4)
2461 4419 2596 4474 haec
2634 4416 2896 4490 praebet:

568 4505 794 4562 «Eodem
835 4516 1078 4579 tempore
1118 4522 1370 4563 censores
1410 4506 1680 4562 theatrum
1719 4505 1990 4578 lapideum
2031 4506 2268 4563 construi
2309 4512 2683 4561 censuerunt.»
