3175 5109
1282 342 1643 419 -74-

297 543 656 629 scriptores,
741 544 853 628 qui·
926 552 1070 629 post
1153 548 1445 612 Plautum
1531 546 1803 633 fuerunt,
1888 548 1970 615 de
2061 555 2485 635 spectatorum
2575 552 2640 615 in

293 650 460 716 ludis
543 651 849 717 scaenicis
914 652 980 717 id
1047 654 1277 719 aetatis
1359 654 1730 721 condicione
1812 658 2153 736 memoriae
2224 657 2641 743 prodiderint,

297 758 529 823 deinde
605 760 755 842 quid
828 760 1139 827 Plautinis
1207 761 1439 829 fabulis
1511 762 1668 847 ipsis
1738 763 1862 829 hac
1945 764 2026 831 de
2096 786 2165 831 re
2242 766 2638 849 exhibeatur,

296 886 745 934 examinemus,

1157 1247 1442 1315 CAPUT
1491 1247 1768 1314 PRIUS.

295 1428 482 1519 Quid
529 1428 616 1497 de
663 1416 1155 1515 spectatorum
1201 1446 1538 1498 consessu
1574 1429 1855 1498 veteres
1901 1430 2295 1516 scriptores
2334 1432 2640 1517 excepto

1023 1642 1028 1647 ·
1093 1546 1361 1615 Plauto
1409 1546 1826 1632 praebeant.

507 1739 808 1806 Ordinem
903 1746 1138 1807 certum
1229 1748 1300 1806 ut
1391 1761 1729 1825 sequamur
1812 1741 2121 1825 simulque
2206 1742 2640 1827 perspicuitati

294 1850 712 1930 consulamus,
759 1847 953 1913 liceat
992 1848 1072 1913 de
1121 1848 1405 1933 singulis,
1455 1869 1613 1932 quos
1660 1850 1843 1915 nobis
1892 1849 2259 1915 tractandos
2305 1849 2638 1935 proposui-

289 1975 450 2036 πως,
520 1955 678 2021 locis
761 1962 1016 2021 servato
1100 1956 1401 2041 deinceps
1483 1976 1789 2021 annorum
1864 1963 2343 2042 temporumque
2419 1957 2637 2022 ordine

291 2062 605 2128 disserere
676 2083 752 2128 ac
796 2064 1086 2148 primum,
1155 2063 1306 2148 quid
1355 2063 1436 2129 de
1510 2082 1674 2129 anno
1726 2062 1855 2129 154
1921 2085 1978 2130 a.
2048 2063 2194 2133 Chr.
2240 2084 2302 2129 n.
2376 2064 2635 2129 tradant

290 2188 497 2237 rerum
543 2172 905 2255 scriptores,
953 2172 1192 2237 videre.

502 2279 798 2363 Epitome
874 2279 1042 2344 Livii
1083 2279 1396 2358 XLVIII,
1480 2279 1778 2345 Valerius
1861 2278 2208 2344 Maximus*
2261 2279 2347 2359 II,
2423 2279 2486 2359 4,
2570 2279 3086 2369 2,A,154a‚01„.‚„0

290 2385 678 2469 Augustinus
741 2386 822 2452 de
870 2386 1042 2454 civit.
1093 2386 1198 2452 dei
1248 2387 1300 2468 I,
1348 2387 1456 2468 31,
1505 2385 1766 2452 Orosius
1822 2389 1889 2451 in
1935 2387 2153 2452 histor.
2206 2385 2352 2451 adv,
2399 2405 2633 2471 pagan.

292 2493 404 2573 IV,
469 2493 574 2576 21,
638 2495 702 2575 4,
770 2495 924 2559 aliil
988 2495 1330 2560 memoriae
1397 2493 1791 2559 tradiderunt
1857 2513 2022 2558 anno
2075 2490 2202 2559 154
2240 2516 2297 2561 a.
2350 2493 2495 2559 Chr.
2570 2514 2633 2561 n.

290 2600 603 2666 theatrum
641 2600 967 2693 lapideum
1017 2623 1056 2665 a
1103 2601 1326 2667 Cassio
1373 2600 1662 2688 Longino
1713 2605 1779 2665 et
1824 2600 2081 2666 Valerio
2127 2600 2407 2665 Messala
2488 2622 2635 2667 cen-

290 2707 537 2773 soribus
582 2709 880 2792 locatum,
937 2710 1055 2774 sed
1123 2709 1381 2774 consule
1436 2708 1510 2773 P.
1569 2708 1873 2793 Scipione
1935 2708 2173 2775 Nasica
2239 2714 2496 2773 auctore
2553 2727 2635 2772 ex

289 2822 547 2881 senatus
595 2818 878 2882 consulto
927 2816 1316 2881 destructum
1361 2834 1502 2882 esse
1549 2837 1625 2881 ac
1670 2814 1902 2881 theatri
1951 2820 2324 2900 apparatum
2384 2817 2631 2879 univer-

293 2942 428 2987 sum
489 2923 604 2989 sub
678 2924 864 2989 hasta
928 2922 1229 2989 veniisse.
1297 2922 1460 3002 Quin
1522 2925 1716 2989 etiam
1777 2922 2181 2988 interdictum
2249 2928 2366 3002 est,
2422 2929 2491 2987 ut
2551 2942 2633 2987 ne
2682 2932 2686 2937 ’

292 3030 598 3096 subsellia
658 3050 864 3113 neque
911 3030 977 3095 in
1023 3031 1178 3097 urbe
1223 3032 1366 3123 ipsa
1410 3049 1619 3113 neque
1664 3032 1730 3099 in
1778 3029 2042 3095 circuitu
2087 3030 2262 3094 mille
2334 3049 2632 3115 passuum

290 3137 456 3203 ludis
517 3138 822 3204 scaenicis
893 3144 1294 3223 ponerentur,
1340 3158 1422 3203 ne
1471 3138 1875 3203 considerent
1945 3140 2012 3203 in
2076 3138 2157 3203 iis
2218 3142 2629 3223 spectatores.

293 3244 432 3323 Quo
469 3244 707 3310 sactum
746 3252 864 3325 est,
903 3252 970 3310 ut
1008 3245 1274 3312 Romani
1314 3251 1556 3311 stantes
1596 3243 1984 3329 aliquamdiu
2020 3243 2205 3311 ludos
2244 3248 2626 3330 spectarent.

223 3418 226 3421 ,
290 3353 425 3418 Hos
472 3352 756 3439 singulos
801 3353 1130 3418 audiamus
1177 3357 1392 3417 testes.
1453 3418 1460 3425 ,

505 3459 843 3525 Ordiamur
924 3483 962 3525 a
1043 3459 1248 3542 Livio,
1315 3462 1423 3544 qui
1486 3462 1944 3545 gravissimus·
1973 3460 2127 3524 mihi
2194 3464 2413 3524 auctor
2487 3477 2631 3522 esse

289 3567 561 3633 videtur.
672 3568 864 3633 Cuius
928 3566 1203 3651 vestigia
1266 3573 1402 3632 arte
1465 3572 1717 3633 secutus
1770 3573 1869 3633 est
1928 3566 2223 3631 Valerius
2286 3564 2631 3645 Maximus3

290 3675 460 3757 quod
506 3694 630 3758 quo
675 3674 928 3741 facilius
975 3695 1344 3759 cognoscas,-
1395 3676 1721 3757 utriusque
1767 3674 1969 3739 verba
2014 3692 2477 3759 componamus.

503 3945 525 3985 ¹
565 3940 798 3998 Velleius
858 3941 1170 3998 Pater-culus
1222 3941 1263 4010 Ι,
1319 3942 1407 4011 15,
1464 3942 1534 3998 3:
1607 3942 1847 3999 «Cassius
1904 3956 2098 3996 censor
2152 3957 2184 3996 a
2238 3938 2516 4013 Lupercali
2574 3939 2630 3995 in

287 4026 551 4083 Palatium
609 4043 797 4083 versus
854 4026 1124 4083 theatrum
1179 4027 1358 4099 facere
1416 4027 1684 4095 institui13
1746 4026 1831 4082 cui
1882 4026 1938 4081 in
1989 4042 2053 4082 eo
2110 4024 2379 4081 moliendo
2437 4024 2631 4081 eximia

289 4106 516 4172 civitatis
552 4115 813 4171 severitas
851 4124 905 4170 et
943 4115 1128 4170 consul
1166 4115 1342 4189 Scipio
1382 4116 1685 4172 restitere.»

499 4200 773 4273 Appianus
824 4200 878 4255 in
929 4200 1057 4255 hell.
1103 4201 1204 4256 civ.
1245 4200 1288 4269 l,
1336 4201 1444 4257 28:
1511 4226 1534 4256 «
1545 4210 1624 4280 τῷ
1670 4202 1792 4260 οάὐ
1798 4210 1874 4279 τῳ
1917 4222 2020 4280 χρε
1996 4203 2101 4259 ,ίινω
2146 4202 2240 4259 Ea·
2233 4200 2385 4258 πίω)
2429 4201 2630 4271 ὕπατος

287 4306 429 4349 2233
433 4289 526 4349 ῖ7ε
586 4312 645 4349 τε
706 4292 959 4369 ,δέπα-ρον,
1027 4286 1086 4350 οὗ
1144 4292 1340 4349 ,sibam
1315 4312 1373 4361 ς
1434 4291 1673 4361 Kato-msc,
1730 4287 1900 4369 {pa-..0
1988 4289 2081 4349 καὶ
2141 4290 2248 4366 ἤδη
2307 4310 2407 4348 που
2466 4289 2628 4359 τέ7σς

264 4377 576 4453 ἐ7άυβανε
579 4404 628 4455 ν,
689 4380 767 4450 ὡς
825 4378 919 4438 καὶ
975 4381 1096 4439 we»
1043 4416 1100 4439 ι
1161 4381 1400 4439 στάσεων
1465 4377 1629 4457 ἄρξειν
1694 4380 1778 4438 ἐτξ
1784 4401 1914 4459 ρων,
1959 4382 1995 4456 ἢ
2039 4401 2102 4439 co
2156 4382 2430 4459 χρήσιμον
2476 4378 2626 4437 ἓ7ωὲ>

294 4466 525 4543 Ἑ7ηη7η)
518 4472 636 4526 ,γαῖ’
637 4490 664 4539 ς
705 4469 773 4545 ἡΡ
750 4470 955 4529 ἷυπαέιε
963 4470 1072 4527 12⁶2
1027 4514 1072 4529 .-
1112 4468 1425 4545 Ῥωμαίους
1469 4468 1783 4552 ἐθίζεσθαςι.
1800 4493 1824 4525 »
