3175 5109
1555 418 1956 475 -38-

583 601 928 688 plerisque,
978 601 1205 683 quibus
1267 606 1480 666 exstat
1547 601 1812 667 verbum
1874 600 2054 682 lociS,
2102 618 2364 665 caveam
2430 597 2584 664 dicit
2646 600 2930 685 scriptor.

580 710 940 795 Componas
989 710 1157 776 enim
1204 709 1394 774 velim
1445 706 1772 775 Ciceronis
1819 709 1997 773 locos
2052 707 2206 773 hos:
2253 728 2369 791 pro
2427 707 2663 773 Flacco
2716 711 2775 790 7,
2819 711 2931 775 16:

589 816 784 901 „Cum
830 818 894 881 in
942 817 1191 883 theatro
1239 815 1516 900 imperiti
1563 816 1870 896 homineS,
1919 834 2127 880 rerum
2175 815 2449 880 omnium
2496 814 2687 880 rudes
2750 816 2933 900 igna-

581 924 778 1007 rique,
830 924 1268 1007 consederant,
1315 929 1452 988 tum
1499 924 1677 989 bella
1722 922 1973 987 inutilia
2010 921 2523 1006 suscipiebant“3
2574 922 2737 989 Cato
2783 924 2930 989 mai.

581 1037 620 1114 ξ
668 1032 791 1096 63:
843 1032 1048 1117 „Quin
1095 1031 1287 1097 etiam
1333 1030 1678 1097 memoriae
1717 1029 2037 1116 proditum
2086 1036 2205 1110 est,
2256 1048 2399 1094 cum
2442 1029 2710 1097 Athenis
2764 1031 2931 1099 ludis

583 1139 839 1221 quidam
907 1141 973 1205 in
1035 1139 1348 1205 theatrum
1417 1137 1680 1225 grandis
1756 1142 1908 1203 natu
1966 1138 2269 1216 venisset,
2335 1156 2568 1223 magno
2606 1158 2936 1219 *consessu

581 1248 792 1312 locum
836 1266 1147 1329 nusquam
1195 1246 1254 1311 ei
1303 1245 1518 1313 datum
1565 1266 1606 1311 a
1652 1243 1781 1311 suis
1828 1243 2113 1327 civibus3
2180 1244 2263 1309 de
2326 1244 2569 1329 republ.
2621 1246 2742 1327 111,
2808 1247 2933 1312 48:

587 1355 692 1441 „in
738 1355 987 1419 theatro
1037 1359 1100 1419 et
1144 1352 1210 1419 in
1259 1354 1433 1419 curia
1479 1373 1582 1419 res
1632 1351 1927 1437 capitalis
1972 1350 2345 1418 indicabant
2388 1352 2644 1417 iidem.“

799 1462 932 1529 Sed
959 1480 1041 1527 ne
1071 1460 1490 1544 contradicas,
1531 1480 1658 1544 qua
1692 1460 1885 1525 fuerit
1911 1458 2131 1526 Livius
2168 1459 2421 1525 dicendi
2462 1461 2935 1547 cousuetudine,

583 1589 708 1635 non
773 1574 901 1634 tam
948 1569 1212 1635 aliorum
1259 1569 1633 1653 scriptorum
1695 1587 1885 1650 quam
1933 1566 2071 1632 eius
2114 1567 2315 1654 ipsius
2358 1568 2572 1634 verbis
2628 1571 2936 1653 pervesti-

585 1676 725 1760 gari
769 1695 982 1761 posse,
1028 1678 1156 1742 iam
1205 1697 1286 1741 ex
1333 1697 1412 1742 eo
1458 1676 1600 1761 ipso
1649 1695 1867 1741 omnes
1914 1676 2114 1758 locOS‚
2172 1675 2401 1758 quibus
2467 1676 2699 1741 theatri
2760 1697 2935 1743 men·

585 1784 821 1849 tionem
858 1784 1028 1877 facit,
1061 1784 1404 1867 conferam,
1438 1788 1525 1865 ut,
1559 1782 1827 1867 quidqiis
1867 1783 1949 1848 de
1986 1783 2220 1849 theatri
2256 1783 2321 1848 vi
2360 1784 2755 1866 exhibeatur,
2786 1805 2937 1851 exa-

583 1890 910 1961 minemus.
958 1893 1051 1959 Ac
1095 1894 1364 1979 primum
1413 1891 1669 1976 quidem
1717 1891 2009 1958 conferas
2059 1892 2253 1958 velim
2300 1912 2432 1977 per.
2473 1892 2776 1976 XLVIII,
2824 1896 2934 1961 ubi

582 2000 747 2065 haec
790 2000 1118 2084 leguntur:
1198 2020 1379 2085 „eum
1424 2001 1702 2068 locatum
1750 2049 1766 2065 .
1814 2050 1831 2065 .
1883 2049 1899 2064 .
1949 2001 2266 2066 theatrum
2305 2006 2735 2067 exstrueretur
2784 2052 2801 2069 .
2850 2052 2865 2067 .
2916 2052 2932 2067 .

585 2108 971 2173 destructum
999 2114 1118 2191 est,
1147 2109 1540 2193 populusque
1571 2098 1958 2191 aliquamdiu
1986 2116 2163 2174 stans
2182 2106 2367 2173 ludos
2396 2107 2772 2192 spectavit.“
2814 2110 2936 2176 Hic

589 2215 898 2279 theatrum
958 2206 1132 2280 idem
1193 2235 1334 2281 esse
1401 2215 1570 2297 quod
1638 2236 1899 2281 caveam
1974 2214 2190 2303 colligi
2265 2220 2480 2299 potest
2554 2234 2637 2280 ex
2700 2215 2935 2284 additis

587 2322 802 2388 verbis
851 2323 1288 2408 „populusque
1357 2322 1749 2407 aliquamdiu
1795 2329 1968 2389 stans
2012 2323 2200 2388 ludos
2266 2323 2662 2407 spectavit“;
2728 2344 2933 2408 neque

591 2436 709 2512 est,
759 2429 927 2512 quod
992 2450 1277 2516 opponas
1343 2432 1505 2495 haec
1550 2432 1754 2497 verba
1796 2450 1925 2497 non
1972 2430 2058 2495 ad
2094 2431 2301 2515 ipsum
2349 2429 2619 2513 Livium,
2682 2432 2798 2497 sed
2854 2434 2939 2498 ad

586 2538 1064 2621 epitomatorem
1128 2538 1357 2603 redire.
1431 2537 1555 2622 Agi
1620 2538 1783 2603 enim
1849 2538 1951 2602 hic
2008 2557 2148 2603 cum
2198 2537 2277 2603 de
2325 2539 2574 2603 theatro
2624 2544 2757 2605 toto
2803 2546 2934 2605 tum

585 2642 859 2708 maxime
920 2644 1000 2710 de
1070 2665 1272 2711 cavea
1336 2643 1600 2727 eiusque
1669 2644 1973 2728 gradibus
2038 2664 2118 2709 ex
2186 2664 2399 2709 eorum
2463 2632 2675 2711 rerum
2734 2648 2933 2732 scrip-

584 2754 808 2833 torum,
875 2771 1032 2835 quos
1097 2772 1287 2837 supra
1354 2753 1863 2835 commemoravi,
1924 2751 2159 2834 verbis,
2220 2772 2361 2817 cum
2426 2752 2652 2818 eadem
2694 2753 2800 2820 'de
2862 2776 2934 2822 re

586 2869 778 2947 atque
825 2861 1044 2927 Livius
1089 2860 1282 2945 idque
1329 2861 1585 2926 uberius
1634 2866 1851 2946 agant,
1899 2859 2056 2927 satis
2093 2864 2439 2946 apparet}

799 2971 962 3035 Item
1011 2968 1090 3033 cf.
1141 2968 1288 3034 libri
1331 2967 1578 3061 ΧΧΙΙῙ,Ι
1624 2972 1663 3049 ἓ
1711 2968 1794 3031 39
1832 2968 2034 3033 verba
2077 2968 2277 3055 haec:
2330 2968 2637 3053 „Postero
2678 2969 2781 3035 die
2828 2970 2936 3035 alii

585 3078 728 3143 aliis
785 3077 944 3143 locis
1005 3075 1086 3140 ad
1134 3074 1495 3143 obsidenda
1537 3074 1770 3140 itinera
1816 3073 2332 3157 claudendosque
2382 3076 2654 3162 oppositi
2693 3075 2932 3158 exitus3

583 3205 732 3271 pars
777 3182 1053 3249 maxima
1099 3203 1290 3269 super
1334 3183 1649 3248 theatrum
1698 3181 2013 3266 circaque,
2052 3183 2304 3249 adsueti
2350 3190 2415 3249 et
2459 3190 2606 3251 ante
2683 3191 2931 3270 specta-

583 3292 724 3358 culo
789 3291 1172 3372 contionum,
1257 3289 1624 3357 consistunt.
1709 3289 1835 3355 Alii
1914 3290 1995 3355 ad
2083 3290 2289 3357 exitus
2354 3292 2584 3358 theatri
2667 3290 2932 3358 conferti

583 3399 914 3466 obsistunt.
966 3397 1330 3465 Caeduntur
1376 3398 1753 3463 Hennenses
1801 3416 2001 3463 cavea
2045 3397 2332 3464 inclusi.“

800 3507 1017 3571 Verba
1067 3524 1297 3590 „super
1331 3506 1685 3571 theatrum“
1730 3510 1795 3569 et
1836 3505 1962 3590 „ad
2002 3506 2209 3571 exitus
2246 3506 2514 3571 theatri“
2558 3505 2640 3571 ad
2671 3526 2933 3572 caveam

583 3619 877 3699 spectare
923 3613 1076 3678 mihi
1124 3613 1438 3678 videntur.
1487 3612 1715 3696 Neque
1764 3612 2099 3679 offensioni
2148 3620 2263 3697 est,
2313 3614 2485 3696 quod
2533 3633 2733 3680 cavea
2790 3615 2934 3699 ipsa

582 3721 835 3807 proprie
899 3721 1149 3802 dicitur,
1213 3740 1353 3786 cum
1397 3720 1549 3785 nihil
1598 3720 1757 3785 velit
1803 3728 2025 3787 auctor
2070 3720 2192 3786 nisi
2252 3720 2499 3787 variare
2561 3721 2930 3787 orationem.

798 3828 962 3894 Tum
1030 3828 1110 3893 de
1179 3829 1428 3894 theatro
1495 3829 1699 3893 verba
1761 3828 1914 3893 facit
1979 3827 2195 3893 Livius
2263 3828 2329 3893 in
2403 3829 2548 3894 libri
2612 3828 2931 3913 XXXIII,

585 3957 724 4021 cap.
793 3938 914 4003 28:
986 3935 1201 4020 „Luce
1247 3934 1452 4019 prima
1499 3936 1708 4001 contio
1755 3936 2051 4019 frequens
2097 3937 2275 4000 velut
2334 3956 2415 4001 ex
2482 3941 2629 4002 ante
2693 3934 2930 4002 indicto

583 4051 691 4109 aut
737 4063 896 4110 voce
942 4044 1276 4127 praeconis
1321 4051 1673 4111 convocata
1718 4045 1784 4111 in
1829 4046 2077 4115 theatro
2126 4046 2326 4111 erat.“

795 4318 1084 4385 1'Disertis
1132 4328 1311 4385 verbis
1368 4329 1708 4400 Augustinus
1758 4329 1884 4385 dicit
1923 4331 1958 4387 l.
1988 4347 2070 4388 c.:
2138 4346 2383 4387 «caveam
2436 4320 2629 4388 theatri
2684 4336 2929 4385 senatum

583 4419 893 4471 construere
924 4414 1235 4471 molientem
1273 4445 1342 4457 —
1380 4413 1764 4487 compescuit„
