3175 5109
24 4786 26 4789 ⁷
24 4561 38 4758 ἦ-..εἶ-ἱᾟ
27 4543 32 4554 -

1553 353 1950 417 ..30-

576 552 766 634 esset,
816 544 1098 632 Pylades
1147 544 1440 615 Orestem
1487 568 1557 615 se
1609 564 1753 612 esse
1800 545 2064 628 diceret,
2136 552 2203 611 ut
2249 565 2362 632 pro
2410 545 2525 613 illo
2581 549 2955 614 necaretur,

577 654 840 723 Orestes
872 662 1106 739 autem,
1145 655 1236 721 ita
1263 662 1330 720 ut
1361 662 1520 742 erat,
1562 656 1855 722 Orestem
1887 674 1956 719 se
1989 674 2131 721 esse
2165 661 2630 739 perseveraret.
2678 654 2953 720 Stantes

574 763 966 847 plaudebant
1005 763 1070 829 in
1107 783 1177 829 re
1215 764 1430 829 ficta.“

789 908 873 972 Et
920 908 1120 972 verba
1165 912 1448 991 „stantes
1496 905 1935 991 plaudebant“
1987 906 2159 971 viros
2208 904 2431 973 doctos
2504 925 2801 993 „prorsus
2849 905 2953 970 in-

578 1014 895 1079 solenter“
940 1014 1393 1099 interpretatos
1441 1033 1586 1080 esse
1632 1015 2121 1099 „assurgentes“
2166 1013 2555 1079 Ritschelius
2593 1013 2951 1096 contendit,

581 1141 720 1186 cum
780 1122 919 1205 ipse
967 1123 1170 1187 verba
1214 1122 1326 1187 illa
1371 1120 1464 1187 sic
1530 1121 1901 1206 explicaret,
1962 1122 2145 1203 quasi
2212 1127 2615 1207 „spectantes
2675 1120 2953 1205 plaude-

581 1231 777 1295 bant“
831 1230 1099 1317 legeret.
1156 1230 1262 1301 An
1301 1235 1488 1315 putas
1535 1228 1907 1295 Ciceronem
1960 1232 2283 1313 „stantes“
2343 1235 2473 1293 tam
2518 1228 2752 1313 insigni
2795 1228 2951 1293 loco

579 1337 1003 1421 spectantium
1067 1338 1209 1401 loco
1293 1335 1603 1401 dicturum
1666 1334 1887 1417 fuisse,
1966 1335 2023 1401 si
2084 1342 2481 1421 spectatores
2559 1356 2675 1420 per
2737 1342 2947 1401 totam

579 1444 864 1509 fabulam
909 1443 1285 1509 stetissent?
1368 1443 1655 1527 Accedit,
1703 1443 1875 1525 quod
1922 1442 2229 1509 dissimile
2278 1450 2376 1509 est
2422 1446 2559 1509 veri
2611 1443 2943 1529 ‚,stantes“

581 1549 666 1616 ad
713 1551 1035 1635 antiquam
1083 1551 1315 1617 theatri
1361 1551 1643 1635 speciem
1686 1555 1979 1636 spectare
2030 1551 2134 1615 vel
2180 1550 2553 1617 Ciceronem
2630 1550 2945 1637 „diligen-

581 1660 824 1724 tissime
898 1665 962 1724 et
1047 1657 1130 1723 ad
1203 1677 1413 1723 rerum
1485 1659 1823 1723 veritatem
1895 1657 2592 1725 accommodatissime“
2662 1656 2941 1724 edocere

583 1765 864 1832 voluisse
930 1765 1135 1831 Laelii
1181 1771 1396 1831 aetate
1443 1771 1843 1850 spectatores
1888 1785 2015 1831 non
2062 1766 2307 1832 sedisse
2372 1766 2435 1830 in
2482 1765 2756 1847 theatro,
2820 1764 2944 1829 sed

584 1873 860 1939 stetisse.
909 1874 1108 1937 Immo
1155 1873 1491 1953 sententia,
1541 1892 1705 1955 quae
1750 1873 1854 1938 hic
1901 1872 2323 1957 desideratur,
2370 1873 2531 1939 haec
2576 1872 2731 1937 mihi
2792 1890 2944 1937 esse

579 1978 870 2045 videtur:
968 1987 1365 2066 spectatores
1423 1980 1490 2045 in
1549 1980 1875 2065 gradibuS,
1941 1982 2048 2063 qui
2094 1979 2417 2061 sederant,
2467 1981 2641 2046 velut
2694 1979 2943 2045 incitati

582 2086 987 2169 instinctique
1021 2092 1564 2153 consurrexerunt.
1608 2086 1776 2165 Quid
1813 2086 2148 2169 sequitur?
2221 2087 2483 2153 Stantes
2520 2085 2939 2172 plaudebant.

588 2192 774 2271 Quod
819 2214 1055 2259 novum
1101 2215 1228 2259 non
1273 2193 1470 2261 fuisse
1517 2202 1586 2260 ut
1632 2196 1993 2279 intellegas,
2042 2193 2331 2261 conferas
2378 2195 2572 2261 velim
2610 2195 2938 2261 Ciceronis

585 2302 770 2385 epist.
837 2300 922 2366 ad
985 2302 1176 2367 Attic.
1241 2303 1283 2368 1.
1350 2303 1439 2380 II,
1507 2303 1608 2384 19,
1672 2304 1749 2367 3:
1830 2302 2117 2388 „Inimici
2178 2309 2359 2368 erant
2417 2302 2756 2386 equitibus,
2826 2301 2936 2386 qui

581 2408 839 2475 Curioni
895 2414 1141 2474 stantes
1199 2410 1586 2493 plauserant,
1650 2409 1869 2475 hostes
1942 2409 2291 2477 omnibus.“
2391 2411 2556 2475 Tum
2627 2409 2935 2494 respicias

588 2514 850 2581 Sueton.
922 2504 1081 2601 Aug.
1130 2516 1260 2580 56:
1355 2516 1659 2603 „Eisdem
1730 2517 2151 2601 praetextatis
2226 2516 2435 2582 adhuc
2505 2523 2934 2583 assurrectum

579 2624 663 2688 ab
738 2623 1047 2689 universis
1111 2622 1176 2687 in
1250 2623 1496 2689 theatro
1563 2631 1629 2688 et
1700 2644 1739 2689 a
1812 2624 2124 2690 stantibus
2188 2625 2479 2709 plausum
2558 2624 2933 2711 gravissime

581 2737 843 2812 questus
911 2731 1071 2797 est.“

795 2873 1000 2951 Quam
1048 2875 1128 2940 ob
1177 2894 1311 2938 rem
1357 2874 1472 2956 eiS,
1512 2874 1621 2957 qui
1670 2876 1994 2961 „stantes“
2045 2874 2441 2959 interpretati
2488 2879 2633 2939 sunt
2684 2895 2931 2960 „assur-

579 2983 872 3066 gentcs“,
922 2982 1070 3064 quin
1120 2981 1578 3066 adstipulemur
1615 2981 1829 3047 facere
1876 3002 2001 3047 non
2038 3002 2387 3067 possumus.

797 3122 976 3201 Quae
1025 3144 1165 3190 cum
1211 3125 1304 3189 ita
1340 3123 1486 3206 sint,
1525 3145 1607 3189 ex
1648 3124 1747 3191 his
1786 3124 2114 3192 Ciceronis
2152 3126 2368 3191 verbis
2404 3124 2582 3207 nibil,
2620 3125 2685 3188 ni
2724 3124 2933 3208 fallor,

584 3236 754 3297 certe
805 3231 1138 3317 colligitur.

799 3373 932 3439 Sed
980 3392 1145 3456 quae
1193 3373 1403 3439 adhuc
1451 3374 1532 3440 de
1579 3381 2011 3460 spectatorum
2051 3374 2421 3449 condicione
2453 3374 2933 3460 disputavimuS,

586 3502 665 3547 ex
712 3488 891 3568 parte
939 3501 1066 3546 non
1111 3482 1367 3565 proprie
1415 3482 1499 3547 ad
1548 3481 1763 3547 Plauti
1808 3483 2007 3567 ipsius
2053 3488 2329 3549 aetatem
2393 3489 2686 3567 spectare
2744 3502 2935 3548 nemo

582 3594 702 3671 est,
759 3590 910 3672 quin
973 3589 1324 3673 intellegat.
1392 3589 1604 3665 Quare
1654 3610 1889 3675 operae
1954 3592 2221 3675 pretium
2280 3590 2431 3654 mihi
2493 3610 2637 3655 esse
2685 3590 2940 3656 videtur

584 3716 910 3779 quaerere,
957 3716 1104 3760 num
1154 3697 1430 3762 certiora
1473 3702 1774 3781 petantur
1822 3714 1902 3760 ex
1947 3697 2149 3781 ipsius
2194 3696 2438 3762 saeculi
2483 3695 2652 3763 sexti
2695 3696 2939 3761 littera-

583 3824 720 3869 rum
764 3803 1210 3871 monumentis,
1297 3804 1605 3870 Plautinis
1656 3808 1821 3870 enim
1869 3806 2104 3871 fabulis
2148 3805 2327 3891 ipsiS,
2377 3824 2540 3889 quae
2588 3807 2938 3889 qualesque

584 3911 792 3976 adhuc
838 3916 1114 3992 exstant,
1165 3910 1316 3994 quid
1357 3912 1437 3977 de
1486 3913 1611 3977 hac
1657 3932 1727 3977 re
1775 3913 2173 3995 exhibeatur,
2232 3913 2363 3978 iam
2410 3914 2813 3997 exploremus
2876 3921 2942 3980 et

585 4036 1033 4083 examinemus,
