3175 5109
1616 324 2007 385 ...32-

627 514 768 595 nisi,
829 520 896 579 ut
953 534 1065 579 suo
1121 514 1256 579 iure
1305 512 1709 595 Ritschelius,
1774 520 2169 599 spectatores
2246 514 2311 577 in
2358 512 2661 599 gradibus
2728 510 2978 579 sedisse

626 626 888 706 ponam

841 756 980 821 Iam
1029 755 1251 823 videas
1298 757 1709 842 Captivorum
1756 758 1915 842 prol.
1965 777 2025 823 v.
2081 758 2163 823 10
2210 778 2303 841 sq.
2330 780 2371 850 :¹

847 891 1024 974 „Iam
1071 891 1192 957 hoc
1240 872 1525 958 tenetis?
1575 899 1976 977 optumumst.

841 998 1053 1083 Negat
1097 999 1314 1065 hercle
1360 999 1469 1065 ille
1515 1000 1815 1066 ultimus:
1863 1000 2259 1066 abseedit0.2

842 1108 911 1173 Si
955 1128 1083 1172 non
1129 1107 1236 1172 ubi
1283 1106 1516 1172 sedeas
1554 1108 1732 1173 locus
1780 1113 1897 1189 est,
1944 1115 2043 1173 est
2088 1109 2196 1174 ubi
2242 1111 2590 1176 ambules.“

841 1241 922 1305 Hi
982 1240 1174 1327 igitur
1235 1239 1359 1305 loci
1423 1242 1573 1322 quin
1640 1241 1725 1305 ad
1782 1246 2179 1326 spectatores
2245 1242 2309 1306 in
2372 1243 2606 1309 theatri
2671 1242 2977 1327 gradibus

627 1348 929 1413 sedentes
974 1348 1355 1431 pertineant,
1406 1347 1682 1412 dubitari
1728 1350 1982 1414 omnino
2020 1370 2147 1414 non
2194 1355 2427 1435 potest.
2468 1350 2653 1428 Quod
2688 1350 2982 1416 Ritsche-

626 1456 748 1521 lius
795 1456 1144 1520 rectissime
1192 1456 1522 1520 intell-exit.
1565 1456 1701 1520 Sed
1740 1476 1879 1520 cum
1918 1456 2125 1521 Plauti
2156 1463 2371 1523 aetate
2409 1457 2645 1540 gradus
2680 1460 2744 1522 in
2776 1468 2982 1523 cavea

628 1562 859 1627 theatri
907 1562 1185 1627 nondum
1235 1569 1595 1628 exstructos
1642 1582 1785 1629 esse
1830 1562 2274 1647 praeiudicata
2318 1564 2612 1648 opinione
2668 1563 2790 1630 sibi
2836 1584 2977 1649 per-

630 1668 954 1751 suasisset,
1017 1670 1238 1733 mirum
1285 1691 1412 1735 non
1460 1677 1579 1756 est,
1630 1670 1820 1753 quod,
1868 1690 1994 1752 qua
2041 1678 2180 1735 erat
2224 1670 2441 1737 iudicii
2499 1672 2853 1753 sagacitate
2915 1678 2982 1735 et

630 1777 1003 1857 constantia,
1067 1776 1182 1842 bos
1215 1780 1547 1865 prologos
1596 1778 1843 1863 spurios
1890 1785 1955 1843 et
1992 1778 2168 1843 initio
2214 1780 2468 1863 septimi
2514 1799 2574 1843 u.
2616 1800 2671 1844 c.
2718 1781 2979 1858 saeculi,

629 1904 769 1949 cum
816 1891 1252 1969 repeterentur
1291 1884 1642 1950 fabularum
1685 1886 1989 1968 actiones,
2027 1892 2404 1953 retractatos
2443 1906 2585 1952 esse
2624 1887 2886 1953 censuit.

843 2019 1050 2100 Atque
1098 2018 1382 2103 profecto
1429 2019 1708 2086 dubitari
1744 2041 1867 2086 non
1916 2027 2148 2105 potest,
2196 1997 2344 2104 quin
2392 2042 2427 2086 e
2466 2042 2727 2087 numero
2764 2024 2978 2106 prolo-

630 2144 874 2208 gorum,
925 2146 1082 2209 quos
1119 2148 1285 2192 nunc
1329 2128 1660 2210 habemus,
1701 2128 1957 2210 quidam
2005 2130 2110 2194 vel
2158 2136 2376 2214 partes
2416 2128 2731 2211 quaedam
2768 2128 2981 2195 Plauti

626 2233 826 2317 ipsius
891 2255 1016 2299 non
1082 2235 1228 2317 sint,
1287 2236 1456 2318 quod
1521 2242 1631 2301 aut
1698 2236 1853 2317 eius,
1902 2236 2008 2319 qui
2066 2236 2307 2321 profert
2365 2238 2715 2321 prologum,
2764 2236 3011 2301 verbis·

626 2340 958 2426 perspicue
1026 2342 1301 2407 dieiturss
1363 2349 1472 2408 aut
1527 2350 1797 2427 apparet
1854 2363 1934 2408 ex
1985 2344 2253 2409 diversis
2320 2351 2385 2408 et
2433 2343 2597 2408 inter
2656 2363 2726 2409 se
2791 2363 2979 2429 repu-

628 2449 968 2534 gnantibus
1001 2448 1304 2535 partibus.
1329 2454 1356 2493 4
1394 2450 1636 2515 Tamen
1678 2470 1787 2515 cur
1815 2450 1880 2515 hi
1908 2450 2049 2535 ipsi,
2091 2450 2168 2515 de
2202 2451 2427 2534 quibus
2460 2451 2689 2535 agitur,
2732 2449 2982 2536 prologi

629 2560 755 2619 tam
786 2556 1023 2619 recenti
1071 2556 1267 2621 aetati
1297 2558 1616 2623 tribuendi
1655 2558 1778 2623 sint
1834 2596 1906 2603 —
1950 2560 2275 2641 aliquanto
2324 2558 2490 2623 enim
2541 2564 2687 2643 post
2751 2578 2983 2623 annum

629 2683 689 2726 a.
721 2662 865 2727 Chr.
896 2686 956 2729 n.
991 2662 1116 2728 150
1147 2665 1477 2749 compositi
1507 2685 1650 2731 esse
1682 2665 1991 2730 deberent
2020 2705 2103 2713 —-
2136 2665 2431 2748 equidem
2456 2667 2736 2731 nondum
2765 2666 2976 2733 vide0.

627 2771 881 2835 Etenim
947 2791 1044 2853 ea,
1119 2773 1346 2854 quibus
1411 2772 1797 2839 Ritschelius
1861 2772 2089 2857 quique
2165 2792 2307 2837 eum
2364 2774 2794 2857 sequebantur
2858 2774 2978 2839 viri

633 2988 748 2995 ——-——-

846 3126 866 3163 1
906 3125 1070 3181 Vides
1107 3142 1193 3181 me
1233 3128 1495 3183 accedere
1534 3126 1827 3183 Ritschelio
1865 3128 1924 3197 (l,
1960 3146 2005 3183 c.
2038 3145 2087 3200 p.
2123 3128 2253 3198 2⁴21)
2292 3128 2614 3201 scripturam
2654 3127 2722 3183 ab
2754 3127 2975 3201 optimis

629 3208 908 3266 codicibus
946 3212 1198 3267 traditam
1244 3210 1497 3283 ·siuguli»›
1541 3210 1789 3267 reicienti
1827 3228 1891 3267 ac
1924 3210 2200 3283 «singula»
2232 3212 2571 3283 proponenti.
2612 3210 2795 3285 Neque
2836 3214 2979 3267 enim

630 3294 822 3366 singuli
854 3295 1250 3367 conquisitores
1281 3306 1435 3351 erant
1465 3295 1689 3368 singulis
1719 3295 2009 3362 subselliis,
2036 3295 2133 3351 sed
2162 3295 2406 3350 nonnulli
2438 3312 2536 3368 per
2567 3303 2729 3351 totam
2762 3314 2981 3353 caveam

627 3380 830 3445 gradus
869 3380 1112 3451 singulos
1153 3380 1534 3436 circumibant.

843 3510 868 3547 2
905 3506 1230 3561 Bitschelius
1269 3507 1486 3579 quidem
1528 3506 1588 3578 (l.
1623 3524 1666 3562 c.
1699 3524 1751 3579 p.
1782 3506 1909 3579 ⁴222)
1950 3507 2271 3581 scripturam
2312 3524 2343 3561 a
2377 3506 2531 3561 libris
2571 3506 2823 3563 traditam
2870 3525 2984 3563 nac-

630 3592 836 3648 cedito·
882 3592 1178 3648 defendere
1217 3600 1443 3647 conatus
1483 3600 1563 3646 est
1607 3592 1856 3647 ultimum
1894 3591 2046 3647 illum
2084 3592 2139 3645 in
2180 3592 2378 3646 theatri
2407 3592 2807 3663 praecinctione
2838 3600 2983 3647 stare

631 3686 683 3731 ct
721 3676 788 3731 ab
830 3676 1096 3733 histrione
1134 3676 1349 3731 invitari
1387 3684 1555 3743 ratuS‚
1600 3686 1661 3731 ut
1698 3676 1921 3748 propius
1972 3675 2294 3745 accederet3
2366 3674 2452 3731 cui
2500 3676 2711 3731 etiamsi
2759 3676 2985 3733 sedendi

628 3759 780 3815 locus
810 3777 917 3817 non
949 3773 1110 3828 esset,
1144 3769 1326 3815 tamen
1359 3760 1412 3813 in
1440 3758 1849 3829 praecinctione
1880 3769 2199 3831 potestatem
2229 3759 2411 3814 datam
2443 3776 2559 3813 csse
2581 3759 2983 3815 inambulandi:

637 3845 829 3900 «Aber
878 3844 1074 3915 das‘ic‘r
1130 3844 1264 3898 Inest
1324 3844 1408 3898 du
1463 3844 1579 3899 den
1635 3842 1947 3898 selsam-len
2005 3844 2177 3897 Platz
2229 3859 2368 3897 zum
2427 3846 2979 3916 Spaze'erenyehen,»

634 3928 788 3993 Quod
837 3927 1089 3998 equidem
1140 3926 1374 3999 probare
1423 3943 1532 3982 non
1594 3944 1834 3999 possum.
1901 3926 2084 3999 Neque
2143 3927 2286 3983 enim
2341 3925 2681 3983 «ambularc-
2740 3930 2831 3983 hic
2878 3940 2985 3985 tam

631 4012 900 4082 significat
936 4010 992 4065 in
1023 4028 1188 4066 cavea
1223 4011 1344 4083 ipsa
1381 4028 1542 4084 quam
1580 4011 1714 4067 foris
1753 4011 2091 4066 inambulare
2134 4012 2218 4067 vel
2266 4012 2580 4070 abscedtre.
2620 4016 2985 4082 Quamobrem

629 4096 844 4153 Bestius
883 4112 980 4151 suo
1029 4096 1148 4151 iure
1197 4095 1546 4151 «abscedito»
1595 4096 1703 4167 legi
1753 4095 1962 4163 maluit,
2032 4096 2354 4164 (Bentleiusz
2427 4098 2797 4167 «discedito»)‚
2838 4100 2984 4171 quod

629 4197 807 4253 neque
847 4198 879 4235 a
917 4179 1198 4235 codicibus
1237 4181 1464 4236 multum
1505 4180 1733 4257 dissidet
1771 4197 1945 4253 neque
1986 4198 2116 4235 sana
2155 4190 2303 4237 caret
2341 4184 2625 4240 sententia.

844 4308 868 4348 3
907 4305 980 4361 Cf.
1019 4304 1242 4361 Casinae
1285 4306 1591 4379 prologum.

844 4435 872 4473 4
908 4429 983 4487 Cf.
1027 4430 1496 4487 Menaeclunorum
1539 4431 1846 4505 prologum.
