3175 5109
1213 417 1606 497 *25⁴-

241 600 428 666 ludos
473 600 761 686 publicos
806 599 1156 683 faciendOS,
1207 601 1312 684 qui
1351 602 1668 667 aedilibus
1718 601 1801 666 ad
1848 601 2119 667 maiores
2178 602 2585 688 magistratus

239 707 666 793 capessendos
733 708 946 793 magni
994 714 1172 773 erant
1216 710 1544 791 momenti,
1611 709 1916 775 oblivioni
1972 707 2229 792 dabant,
2292 730 2432 775 cum
2480 713 2584 777 vel

238 823 549 881 sartorum
595 821 904 881 tectorum
952 815 1236 881 facerent
1273 817 1336 880 in
1384 816 1617 883 tabulis
1691 816 2093 882 mentionem.
2190 817 2303 883 His
2352 818 2583 885 tabulis

239 925 342 989 vcl
386 923 542 1009 ipsis
589 924 716 1004 vel,
765 923 831 987 id
879 923 1048 1006 quod
1094 923 1484 1008 probabilius
1535 924 1832 1006 equidem
1882 922 2060 1004 ducO,
2103 924 2184 989 ab
2226 924 2349 991 alio
2389 926 2581 1009 scrip-

237 1037 373 1097 tore
419 1032 544 1096 iam
592 1029 910 1116 excerptis
959 1029 1204 1095 Livium
1251 1050 1432 1097 usum
1479 1050 1621 1097 esse
1660 1031 1724 1095 in
1769 1030 2047 1096 historiis
2095 1051 2257 1113 quae
2296 1031 2586 1099 dicuntur

239 1138 709 1204 conscribendis
741 1138 1086 1204 verisimile
1135 1144 1250 1203 est.
1292 1139 1432 1205 Hoc
1478 1138 1694 1204 nescio
1733 1160 1814 1203 an
1853 1158 1932 1204 ea
1968 1159 2036 1203 re
2076 1138 2375 1220 firmetur,
2415 1140 2583 1222 quod

239 1268 378 1311 cum
421 1246 487 1311 in
533 1245 700 1310 Livii
744 1246 889 1311 libri
927 1246 1211 1311 XXXIV
1253 1266 1389 1330 cap.
1431 1248 1538 1329 44,
1577 1252 1712 1311 tum
1757 1246 1970 1312 multis
2017 1247 2157 1311 aliis
2204 1246 2382 1328 locis,
2425 1265 2584 1330 quos

237 1355 448 1440 paullo
477 1354 646 1420 infra
673 1373 813 1426 sum
840 1355 1163 1436 allaturuS‚
1205 1360 1418 1421 certus
1446 1356 1705 1437 quidam
1744 1353 1899 1421 ordo
1938 1361 2367 1421 conservatur.
2413 1353 2580 1420 Nam

235 1464 504 1548 primum
570 1462 826 1545 quidem
892 1462 1150 1527 comitia
1193 1462 1417 1527 habita
1483 1469 2066 1543 commemorantur,
2133 1471 2264 1526 tum
2329 1460 2585 1527 nomina

239 1589 473 1651 eorum,
523 1571 630 1652 qui
673 1569 1017 1635 honoribus
1066 1569 1244 1653 digni
1289 1590 1329 1634 a
1372 1570 1611 1656 populo
1660 1572 1945 1635 Romano
1983 1568 2192 1654 putati
2238 1575 2401 1648 sunt,
2477 1569 2583 1634 de-

235 1680 422 1759 nique
472 1696 669 1761 opera
713 1676 1047 1760 unicuique
1093 1676 1414 1742 attributa.

448 1795 583 1859 Iam
650 1791 874 1857 audias
932 1793 1123 1858 velim
1169 1792 1418 1857 Livium
1464 1793 1690 1877 ipsum.
1740 1793 1831 1857 Ac
1878 1794 2147 1877 primum
2203 1792 2281 1859 cf.
2332 1793 2581 1873 XXXI,

233 1904 295 1986 4,
343 1902 420 1965 4:
522 1902 688 1987 „Per
734 1920 845 1967 eos
884 1900 1023 1967 dies
1072 1902 1140 1966 P.
1198 1901 1384 1968 Aelio
1431 1903 1688 1967 consule
1743 1901 1997 1966 comitia
2040 1902 2319 1966 habente
2385 1902 2583 1967 creati

236 2010 528 2074 consules
588 2009 660 2073 P.
727 2008 1045 2093 Sulpicius
1119 2008 1352 2088 Galba,
1421 2007 1493 2074 C.
1573 2008 1865 2074 Aurelius
1918 2009 2157 2074 Cotta..
2242 2009 2581 2077 Praetores

235 2116 464 2180 exinde
529 2115 682 2180 facti
746 2116 820 2194 Q.
888 2116 1197 2181 Minucius
1271 2114 1494 2197 Ruqu,
1560 2116 1633 2180 L.
1698 2116 1928 2181 Furius
1985 2116 2317 2202 Purpurio,
2366 2167 2381 2181 .
2436 2166 2449 2180 .
2565 2167 2580 2181 .

232 2223 394 2289 Ludi
442 2224 708 2289 Romani
755 2224 1032 2289 scaenici
1082 2243 1158 2289 eo
1206 2244 1371 2289 anno
1407 2223 1747 2307 magnifice
1796 2230 2231 2309 apparateque
2290 2223 2449 2290 facti
2496 2226 2578 2290 ab

233 2330 544 2396 aedilibus
583 2329 901 2396 curulibus
949 2330 1022 2393 L.
1061 2332 1322 2396 Valerio
1368 2330 1607 2395 Flacco
1646 2338 1712 2395 et
1750 2330 1822 2393 L.
1868 2329 2159 2407 Quinctio
2200 2331 2577 2396 Flaminino.

231 2438 502 2503 Biduum
545 2438 962 2503 instaura-tum
1012 2444 1129 2504 est.
1207 2436 1661 2521 Frumentique
1704 2437 1830 2501 vim
1894 2439 2239 2525 ingentem,
2284 2438 2455 2520 quod
2501 2459 2583 2503 ex

234 2545 451 2612 Africa
515 2546 585 2609 P.
634 2544 850 2629 Scipio
915 2545 1192 2626 miserat,
1241 2544 1559 2626 quaternis
1618 2546 1783 2611 aeris
1831 2545 2065 2629 populo
2134 2565 2273 2609 cum
2338 2564 2583 2611 summa

234 2653 362 2718 fide
427 2659 492 2718 et
539 2652 746 2736 gratia
802 2652 1172 2717 diviserunt.
1227 2654 1311 2716 Et
1355 2652 1576 2737 plebei'
1617 2652 1752 2717 ludi
1795 2659 1895 2717 ter
1940 2652 2056 2717 toti
2122 2652 2450 2722 instaurati
2500 2654 2580 2718 ab

236 2759 549 2826 aedilibus
585 2758 760 2845 plebi
806 2758 878 2822 L.
926 2759 1193 2844 Apustio
1240 2759 1510 2825 Fullone
1557 2766 1622 2825 et
1669 2759 1743 2837 Q.
1792 2760 2067 2824 Minucio
2107 2759 2294 2841 Rufo,
2346 2760 2451 2843 qui
2500 2780 2581 2827 ex

236 2868 564 2935 aedilitate
609 2872 865 2952 praetor
914 2872 1163 2933 creatus
1210 2869 1404 2931 erat.“

449 2995 612 3058 Item
651 2989 730 3056 cf.
768 2991 1146 3075 XXXVIII,
1187 2993 1291 3074 28,
1326 2996 1355 3056 1
1394 3014 1525 3075 sq.:
1579 2992 1933 3077 „Censores
1970 2994 2212 3059 Romae
2242 2994 2318 3056 T.
2352 2990 2581 3069 Quine-

234 3104 356 3167 tius
423 3099 817 3166 Flamininus
882 3106 947 3165 et
1005 3100 1090 3163 M.
1142 3099 1444 3166 Claudius
1508 3100 1847 3165 Marcellus
1912 3106 2201 3166 senatum
2275 3101 2581 3186 legerunt.

181 3250 200 3268 .
234 3209 540 3293 Princeps
587 3208 652 3272 in
699 3212 924 3272 senatu
962 3207 1212 3271 tertium
1260 3208 1464 3273 lectus
1500 3207 1574 3271 P.
1615 3207 1830 3291 Scipio
1869 3206 2241 3289 Africanus3
2291 3213 2584 3289 quattuor

229 3317 354 3383 soli
422 3315 749 3401 praeteriti
795 3320 957 3393 sunt,
1006 3334 1189 3380 nemo
1237 3314 1436 3379 curuli
1499 3334 1648 3379 usus
1711 3315 1973 3379 honore.
2038 3314 2119 3378 Et
2182 3314 2245 3378 in
2302 3314 2582 3397 equitatu

234 3423 623 3490 recensendo
660 3421 829 3487 mitis
868 3419 1208 3488 admodum
1257 3441 1525 3488 censura
1570 3421 1707 3486 fuit.
1799 3422 2342 3488 Substruetionem
2390 3440 2581 3506 super

233 3528 733 3611 Aequimaelium
789 3528 855 3592 in
920 3528 1236 3613 Capitolio
1285 3536 1349 3594 et
1395 3530 1566 3594 viam
1612 3529 1789 3595 silice
1838 3529 2245 3596 sternendam
2312 3550 2352 3593 a
2400 3535 2581 3613 porta

236 3636 498 3722 Capena
543 3636 623 3701 ad
663 3637 885 3703 Martis
932 3636 1365 3702 locaverunt.“

453 3751 548 3819 Of.
586 3752 725 3833 XL,
764 3754 888 3819 51:
941 3753 1296 3838 „Censores
1344 3752 1518 3819 fideli
1567 3754 1909 3819 concordia
1946 3760 2232 3818 senatum
2271 3754 2580 3841 legerunt.

235 3860 542 3945 Princeps
601 3860 805 3925 lectus
853 3866 950 3926 est
996 3861 1134 3945 ipse
1183 3880 1407 3925 censor
1472 3861 1554 3924 M.
1604 3860 1908 3925 Aemilius
1957 3860 2238 3945 Lepidus
2296 3860 2583 3945 pontifex

235 3967 580 4049 maximus3
634 3972 766 4031 tres
828 3967 1017 4033 eiecti
1078 3966 1158 4033 de
1205 3973 1465 4049 senatu3
1538 3967 1795 4032 retinuit
1844 3966 2152 4049 quosdam
2200 3966 2480 4051 Lepidus
2545 3989 2584 4033 a

236 4076 487 4157 collega
530 4074 928 4158 praeteritos.
979 4074 1195 4160 Opera
1243 4094 1320 4139 ex
1368 4075 1637 4160 pecunia
1675 4075 1979 4140 attributa
2026 4074 2357 4155 divisaque
2419 4075 2585 4140 inter

235 4200 306 4246 se
351 4181 516 4246 haec
563 4181 991 4247 confecerunt.
1040 4182 1320 4267 Lepidus
1367 4183 1598 4247 molem
1649 4182 1732 4246 ad
1780 4180 2212 4262 Tarracinam,
2269 4181 2582 4265 ingratum

235 4308 415 4373 opus,
482 4290 649 4371 quod
716 4287 983 4373 praedia
1046 4289 1327 4355 habe-bat
1427 4288 1514 4354 ibi
1597 4291 2037 4374 privatamque
2110 4288 2406 4373 publicae
2489 4290 2584 4353 rei

232 4394 564 4480 inpensam
627 4396 1014 4478 inseruerat3
1083 4398 1396 4461 theatrum
1465 4402 1528 4459 et
1594 4396 2032 4479 proscaenium
2100 4396 2183 4461 ad
2244 4395 2583 4479 Apollinis,

239 4502 466 4569 aedem
532 4504 702 4571 Iovis
767 4504 828 4568 in
897 4504 1209 4587 Capitolio
1275 4505 1725 4585 columnasque
1802 4504 1971 4569 circa
2033 4500 2369 4588 poliendas
2433 4502 2581 4575 albo
