<?xml version="1.0" encoding="UTF-8"?>
<!DOCTYPE html PUBLIC "-//W3C//DTD XHTML 1.0 Transitional//EN"
    "http://www.w3.org/TR/xhtml1/DTD/xhtml1-transitional.dtd">
<html xmlns="http://www.w3.org/1999/xhtml" xml:lang="en" lang="en">
 <head>
  <title>
</title>
<meta http-equiv="Content-Type" content="text/html;charset=utf-8" />
  <meta name='ocr-system' content='tesseract 3.04.00' />
  <meta name='ocr-capabilities' content='ocr_page ocr_carea ocr_par ocr_line ocrx_word'/>
</head>
<body>
  <div class='ocr_page' id='page_1' title='image "./quaestionesscae00bauegoog_0058.png"; bbox 0 0 3175 5109; ppageno 0'>
   <div class='ocr_carea' id='block_1_1' title="bbox 1547 424 1941 483">
    <p class='ocr_par' dir='ltr' id='par_1_1' title="bbox 1547 424 1941 483">
     <span class='ocr_line' id='line_1_1' title="bbox 1547 424 1941 483; baseline -0.003 -14"><span class='ocrx_word' id='word_1_1' title='bbox 1547 424 1941 483; x_wconf 63' lang='lat'>..42-</span> 
     </span>
    </p>
   </div>
   <div class='ocr_carea' id='block_1_2' title="bbox 477 609 2928 3924">
    <p class='ocr_par' dir='ltr' id='par_1_2' title="bbox 568 609 2917 1126">
     <span class='ocr_line' id='line_1_2' title="bbox 786 609 2916 698; baseline -0.001 -21"><span class='ocrx_word' id='word_1_2' title='bbox 786 612 1009 697; x_wconf 89' lang='lat' dir='ltr'>Neque</span> <span class='ocrx_word' id='word_1_3' title='bbox 1073 613 1261 679; x_wconf 88' lang='lat' dir='ltr'>aliter</span> <span class='ocrx_word' id='word_1_4' title='bbox 1323 612 1631 697; x_wconf 83' lang='lat' dir='ltr'>explicari</span> <span class='ocrx_word' id='word_1_5' title='bbox 1694 620 1978 698; x_wconf 81' lang='lat' dir='ltr'><strong>possunt,</strong></span> <span class='ocrx_word' id='word_1_6' title='bbox 2048 632 2210 695; x_wconf 88' lang='lat' dir='ltr'>quae</span> <span class='ocrx_word' id='word_1_7' title='bbox 2276 610 2535 678; x_wconf 87' lang='lat' dir='ltr'>Servius</span> <span class='ocrx_word' id='word_1_8' title='bbox 2612 609 2695 675; x_wconf 89' lang='lat' dir='ltr'>de</span> <span class='ocrx_word' id='word_1_9' title='bbox 2756 609 2916 675; x_wconf 86' lang='lat' dir='ltr'>Ver·</span> 
     </span>
     <span class='ocr_line' id='line_1_3' title="bbox 571 719 2909 805; baseline -0 -20"><span class='ocrx_word' id='word_1_10' title='bbox 571 719 707 804; x_wconf 86' lang='lat' dir='ltr'>gilii</span> <span class='ocrx_word' id='word_1_11' title='bbox 755 719 1115 805; x_wconf 79' lang='lat' dir='ltr'><strong>Georgicon</strong></span> <span class='ocrx_word' id='word_1_12' title='bbox 1164 721 1252 802; x_wconf 90' lang='lat'>11,</span> <span class='ocrx_word' id='word_1_13' title='bbox 1319 720 1484 787; x_wconf 84' lang='lat'>381:</span> <span class='ocrx_word' id='word_1_14' title='bbox 1561 726 1672 805; x_wconf 86' lang='lat' dir='ltr'>„et</span> <span class='ocrx_word' id='word_1_15' title='bbox 1728 727 1982 787; x_wconf 86' lang='lat' dir='ltr'>veteres</span> <span class='ocrx_word' id='word_1_16' title='bbox 2041 721 2259 787; x_wconf 89' lang='lat' dir='ltr'>incunt</span> <span class='ocrx_word' id='word_1_17' title='bbox 2316 720 2692 805; x_wconf 85' lang='lat' dir='ltr'>proscaenia</span> <span class='ocrx_word' id='word_1_18' title='bbox 2737 719 2909 785; x_wconf 82' lang='lat' dir='ltr'>ludi“</span> 
     </span>
     <span class='ocr_line' id='line_1_4' title="bbox 571 827 2917 914; baseline -0 -21"><span class='ocrx_word' id='word_1_19' title='bbox 571 834 868 895; x_wconf 87' lang='lat' dir='ltr'>annotat:</span> <span class='ocrx_word' id='word_1_20' title='bbox 923 827 1350 913; x_wconf 85' lang='lat' dir='ltr'>„Proscaenia</span> <span class='ocrx_word' id='word_1_21' title='bbox 1397 833 1610 894; x_wconf 89' lang='lat' dir='ltr'>autem</span> <span class='ocrx_word' id='word_1_22' title='bbox 1657 834 1801 895; x_wconf 90' lang='lat' dir='ltr'>sunt</span> <span class='ocrx_word' id='word_1_23' title='bbox 1845 829 2093 914; x_wconf 87' lang='lat' dir='ltr'>pulpita</span> <span class='ocrx_word' id='word_1_24' title='bbox 2136 836 2282 895; x_wconf 89' lang='lat' dir='ltr'>ante</span> <span class='ocrx_word' id='word_1_25' title='bbox 2331 830 2695 909; x_wconf 84' lang='lat' dir='ltr'>scaenam“,</span> <span class='ocrx_word' id='word_1_26' title='bbox 2745 827 2917 911; x_wconf 89' lang='lat' dir='ltr'>quod</span> 
     </span>
     <span class='ocr_line' id='line_1_5' title="bbox 568 936 2916 1025; baseline 0.002 -26"><span class='ocrx_word' id='word_1_27' title='bbox 568 936 740 1001; x_wconf 89' lang='lat' dir='ltr'>idem</span> <span class='ocrx_word' id='word_1_28' title='bbox 787 941 978 1019; x_wconf 89' lang='lat' dir='ltr'>atque</span> <span class='ocrx_word' id='word_1_29' title='bbox 1027 937 1194 1021; x_wconf 68' lang='lat' dir='ltr'>„apo</span> <span class='ocrx_word' id='word_1_30' title='bbox 1239 944 1346 1019; x_wconf 83' lang='grc' dir='ltr'>τῆς</span> <span class='ocrx_word' id='word_1_31' title='bbox 1393 936 1667 1020; x_wconf 79' lang='grc' dir='ltr'>σκηνῆς“</span> <span class='ocrx_word' id='word_1_32' title='bbox 1718 954 1862 1003; x_wconf 87' lang='grc'><strong>3333</strong></span> <span class='ocrx_word' id='word_1_33' title='bbox 1909 956 2035 1002; x_wconf 86' lang='grc'><strong>11011</strong></span> <span class='ocrx_word' id='word_1_34' title='bbox 2092 936 2311 1004; x_wconf 87' lang='lat' dir='ltr'>dubito</span> <span class='ocrx_word' id='word_1_35' title='bbox 2368 937 2518 1020; x_wconf 90' lang='lat' dir='ltr'>quin</span> <span class='ocrx_word' id='word_1_36' title='bbox 2573 938 2749 1022; x_wconf 86' lang='lat' dir='ltr'>velit,</span> <span class='ocrx_word' id='word_1_37' title='bbox 2811 938 2916 1025; x_wconf 84' lang='lat' dir='ltr'>„in</span> 
     </span>
     <span class='ocr_line' id='line_1_6' title="bbox 573 1042 1574 1126; baseline 0 -19"><span class='ocrx_word' id='word_1_38' title='bbox 573 1042 798 1126; x_wconf 87' lang='lat' dir='ltr'>quibus</span> <span class='ocrx_word' id='word_1_39' title='bbox 843 1042 1089 1109; x_wconf 88' lang='lat' dir='ltr'>ludicra</span> <span class='ocrx_word' id='word_1_40' title='bbox 1134 1044 1574 1109; x_wconf 84' lang='lat' dir='ltr'>exercentur“.</span> 
     </span>
    </p>

    <p class='ocr_par' dir='ltr' id='par_1_3' title="bbox 570 1149 2921 1777">
     <span class='ocr_line' id='line_1_7' title="bbox 786 1149 2916 1237; baseline 0.003 -21"><span class='ocrx_word' id='word_1_41' title='bbox 786 1152 949 1216; x_wconf 91' lang='lat' dir='ltr'>Item</span> <span class='ocrx_word' id='word_1_42' title='bbox 995 1149 1075 1217; x_wconf 88' lang='lat' dir='ltr'>cf.</span> <span class='ocrx_word' id='word_1_43' title='bbox 1117 1150 1447 1218; x_wconf 88' lang='lat' dir='ltr'>Diomedis</span> <span class='ocrx_word' id='word_1_44' title='bbox 1495 1152 1891 1236; x_wconf 80' lang='lat' dir='ltr'>grammatici</span> <span class='ocrx_word' id='word_1_45' title='bbox 1937 1154 2139 1219; x_wconf 83' lang='lat' dir='ltr'>verba</span> <span class='ocrx_word' id='word_1_46' title='bbox 2184 1151 2272 1236; x_wconf 91' lang='lat' dir='ltr'>(in</span> <span class='ocrx_word' id='word_1_47' title='bbox 2332 1158 2493 1237; x_wconf 83' lang='lat' dir='ltr'>„art.</span> <span class='ocrx_word' id='word_1_48' title='bbox 2551 1175 2817 1237; x_wconf 86' lang='lat' dir='ltr'><strong>gramm.</strong></span> <span class='ocrx_word' id='word_1_49' title='bbox 2872 1158 2916 1223; x_wconf 89' lang='lat'>1.</span> 
     </span>
     <span class='ocr_line' id='line_1_8' title="bbox 573 1258 2921 1347; baseline 0.003 -24"><span class='ocrx_word' id='word_1_50' title='bbox 573 1259 695 1338; x_wconf 91' lang='lat' dir='ltr'>III,</span> <span class='ocrx_word' id='word_1_51' title='bbox 752 1279 853 1343; x_wconf 91' lang='lat' dir='ltr'>ap.</span> <span class='ocrx_word' id='word_1_52' title='bbox 913 1259 994 1323; x_wconf 89' lang='lat' dir='ltr'>K.</span> <span class='ocrx_word' id='word_1_53' title='bbox 1055 1260 1179 1324; x_wconf 89' lang='lat' dir='ltr'>vol.</span> <span class='ocrx_word' id='word_1_54' title='bbox 1243 1262 1295 1340; x_wconf 92' lang='lat' dir='ltr'>I,</span> <span class='ocrx_word' id='word_1_55' title='bbox 1361 1280 1424 1345; x_wconf 90' lang='lat' dir='ltr'>p.</span> <span class='ocrx_word' id='word_1_56' title='bbox 1497 1261 1651 1343; x_wconf 85' lang='lat'>490,</span> <span class='ocrx_word' id='word_1_57' title='bbox 1708 1260 1817 1346; x_wconf 85' lang='lat'>4):</span> <span class='ocrx_word' id='word_1_58' title='bbox 1898 1258 2183 1343; x_wconf 84' lang='lat' dir='ltr'>„Quarta</span> <span class='ocrx_word' id='word_1_59' title='bbox 2244 1260 2493 1344; x_wconf 82' lang='lat' dir='ltr'>species</span> <span class='ocrx_word' id='word_1_60' title='bbox 2559 1270 2657 1327; x_wconf 90' lang='lat' dir='ltr'>est</span> <span class='ocrx_word' id='word_1_61' title='bbox 2713 1263 2921 1347; x_wconf 89' lang='lat' dir='ltr'>plani-</span> 
     </span>
     <span class='ocr_line' id='line_1_9' title="bbox 571 1363 2917 1455; baseline 0.003 -24"><span class='ocrx_word' id='word_1_62' title='bbox 571 1364 776 1450; x_wconf 80' lang='lat' dir='ltr'>pedis,</span> <span class='ocrx_word' id='word_1_63' title='bbox 825 1364 930 1448; x_wconf 91' lang='lat' dir='ltr'>qui</span> <span class='ocrx_word' id='word_1_64' title='bbox 977 1363 1227 1432; x_wconf 79' lang='lat' dir='ltr'>Graece</span> <span class='ocrx_word' id='word_1_65' title='bbox 1276 1366 1506 1433; x_wconf 86' lang='lat' dir='ltr'>dicitur</span> <span class='ocrx_word' id='word_1_66' title='bbox 1548 1369 1796 1433; x_wconf 89' lang='lat' dir='ltr'>mimus.</span> <span class='ocrx_word' id='word_1_67' title='bbox 1891 1366 2048 1434; x_wconf 92' lang='lat' dir='ltr'>Ideo</span> <span class='ocrx_word' id='word_1_68' title='bbox 2096 1372 2306 1433; x_wconf 88' lang='lat' dir='ltr'>autem</span> <span class='ocrx_word' id='word_1_69' title='bbox 2352 1367 2580 1433; x_wconf 90' lang='lat' dir='ltr'>Latine</span> <span class='ocrx_word' id='word_1_70' title='bbox 2627 1369 2917 1455; x_wconf 85' lang='lat' dir='ltr'>planipes</span> 
     </span>
     <span class='ocr_line' id='line_1_10' title="bbox 573 1474 2920 1561; baseline 0.002 -23"><span class='ocrx_word' id='word_1_71' title='bbox 573 1474 797 1555; x_wconf 88' lang='lat' dir='ltr'>dictus,</span> <span class='ocrx_word' id='word_1_72' title='bbox 866 1474 1035 1557; x_wconf 90' lang='lat' dir='ltr'>quod</span> <span class='ocrx_word' id='word_1_73' title='bbox 1081 1481 1330 1541; x_wconf 87' lang='lat' dir='ltr'>actores</span> <span class='ocrx_word' id='word_1_74' title='bbox 1374 1474 1649 1560; x_wconf 89' lang='lat' dir='ltr'>pedibus</span> <span class='ocrx_word' id='word_1_75' title='bbox 1694 1474 1921 1560; x_wconf 89' lang='lat' dir='ltr'>planis,</span> <span class='ocrx_word' id='word_1_76' title='bbox 1968 1474 2036 1540; x_wconf 87' lang='lat' dir='ltr'>id</span> <span class='ocrx_word' id='word_1_77' title='bbox 2083 1481 2180 1540; x_wconf 90' lang='lat' dir='ltr'>est</span> <span class='ocrx_word' id='word_1_78' title='bbox 2225 1474 2431 1556; x_wconf 88' lang='lat' dir='ltr'>nudis,</span> <span class='ocrx_word' id='word_1_79' title='bbox 2479 1479 2920 1561; x_wconf 78' lang='lat' dir='ltr'><strong>proscaenium</strong></span> 
     </span>
     <span class='ocr_line' id='line_1_11' title="bbox 570 1581 2919 1670; baseline 0.002 -24"><span class='ocrx_word' id='word_1_80' title='bbox 570 1581 920 1663; x_wconf 83' lang='lat' dir='ltr'>introirent,</span> <span class='ocrx_word' id='word_1_81' title='bbox 961 1584 1095 1650; x_wconf 89' lang='lat' dir='ltr'>sive</span> <span class='ocrx_word' id='word_1_82' title='bbox 1135 1583 1304 1665; x_wconf 89' lang='lat' dir='ltr'>quod</span> <span class='ocrx_word' id='word_1_83' title='bbox 1345 1584 1494 1649; x_wconf 90' lang='lat' dir='ltr'>olim</span> <span class='ocrx_word' id='word_1_84' title='bbox 1532 1603 1658 1648; x_wconf 93' lang='lat' dir='ltr'>non</span> <span class='ocrx_word' id='word_1_85' title='bbox 1697 1583 1759 1648; x_wconf 91' lang='lat' dir='ltr'>in</span> <span class='ocrx_word' id='word_1_86' title='bbox 1796 1588 2105 1669; x_wconf 78' lang='lat' dir='ltr'>suggestu</span> <span class='ocrx_word' id='word_1_87' title='bbox 2140 1602 2435 1665; x_wconf 84' lang='lat' dir='ltr'>scaenae,</span> <span class='ocrx_word' id='word_1_88' title='bbox 2474 1583 2590 1650; x_wconf 87' lang='lat' dir='ltr'>sed</span> <span class='ocrx_word' id='word_1_89' title='bbox 2626 1584 2691 1649; x_wconf 92' lang='lat' dir='ltr'>in</span> <span class='ocrx_word' id='word_1_90' title='bbox 2727 1584 2919 1670; x_wconf 90' lang='lat' dir='ltr'>plano</span> 
     </span>
     <span class='ocr_line' id='line_1_12' title="bbox 571 1689 2447 1777; baseline 0.001 -23"><span class='ocrx_word' id='word_1_91' title='bbox 571 1689 935 1755; x_wconf 83' lang='lat' dir='ltr'>orchestrae</span> <span class='ocrx_word' id='word_1_92' title='bbox 974 1691 1195 1777; x_wconf 90' lang='lat' dir='ltr'>positis</span> <span class='ocrx_word' id='word_1_93' title='bbox 1240 1691 1671 1756; x_wconf 85' lang='lat' dir='ltr'>instrumentis</span> <span class='ocrx_word' id='word_1_94' title='bbox 1717 1690 1985 1756; x_wconf 82' lang='lat' dir='ltr'>mimicis</span> <span class='ocrx_word' id='word_1_95' title='bbox 2032 1689 2447 1756; x_wconf 85' lang='lat' dir='ltr'>actitabant.“</span> 
     </span>
    </p>

    <p class='ocr_par' dir='ltr' id='par_1_4' title="bbox 477 1796 2926 3387">
     <span class='ocr_line' id='line_1_13' title="bbox 781 1796 2917 1884; baseline 0 -21"><span class='ocrx_word' id='word_1_96' title='bbox 781 1800 918 1864; x_wconf 92' lang='lat' dir='ltr'>Iam</span> <span class='ocrx_word' id='word_1_97' title='bbox 967 1798 1046 1863; x_wconf 89' lang='lat' dir='ltr'>cf.</span> <span class='ocrx_word' id='word_1_98' title='bbox 1095 1799 1284 1882; x_wconf 85' lang='lat' dir='ltr'>Capri</span> <span class='ocrx_word' id='word_1_99' title='bbox 1331 1796 1728 1883; x_wconf 83' lang='lat' dir='ltr'>grammatici</span> <span class='ocrx_word' id='word_1_100' title='bbox 1776 1798 1866 1883; x_wconf 91' lang='lat' dir='ltr'>(in</span> <span class='ocrx_word' id='word_1_101' title='bbox 1918 1798 2451 1884; x_wconf 83' lang='lat' dir='ltr'>‚,orthographia“</span> <span class='ocrx_word' id='word_1_102' title='bbox 2514 1818 2615 1883; x_wconf 89' lang='lat' dir='ltr'>ap.</span> <span class='ocrx_word' id='word_1_103' title='bbox 2655 1799 2737 1863; x_wconf 94' lang='lat' dir='ltr'>K.</span> <span class='ocrx_word' id='word_1_104' title='bbox 2788 1800 2917 1865; x_wconf 88' lang='lat' dir='ltr'>vol.</span> 
     </span>
     <span class='ocr_line' id='line_1_14' title="bbox 573 1904 2919 1992; baseline 0.003 -23"><span class='ocrx_word' id='word_1_105' title='bbox 573 1904 722 1986; x_wconf 90' lang='lat' dir='ltr'>VII,</span> <span class='ocrx_word' id='word_1_106' title='bbox 768 1927 830 1989; x_wconf 90' lang='lat' dir='ltr'>p.</span> <span class='ocrx_word' id='word_1_107' title='bbox 885 1906 1037 1989; x_wconf 84' lang='lat'>104)</span> <span class='ocrx_word' id='word_1_108' title='bbox 1086 1907 1321 1971; x_wconf 87' lang='lat' dir='ltr'>verba:</span> <span class='ocrx_word' id='word_1_109' title='bbox 1373 1906 1649 1992; x_wconf 85' lang='lat' dir='ltr'>„Rostra</span> <span class='ocrx_word' id='word_1_110' title='bbox 1695 1925 1879 1987; x_wconf 85' lang='lat' dir='ltr'>voca,</span> <span class='ocrx_word' id='word_1_111' title='bbox 1926 1925 2054 1971; x_wconf 89' lang='lat' dir='ltr'>uon</span> <span class='ocrx_word' id='word_1_112' title='bbox 2100 1911 2443 1990; x_wconf 86' lang='lat' dir='ltr'>prorostra.</span> <span class='ocrx_word' id='word_1_113' title='bbox 2529 1907 2697 1973; x_wconf 89' lang='lat' dir='ltr'>Nam</span> <span class='ocrx_word' id='word_1_114' title='bbox 2758 1928 2919 1992; x_wconf 83' lang='lat' dir='ltr'>„pro</span> 
     </span>
     <span class='ocr_line' id='line_1_15' title="bbox 571 2012 2912 2097; baseline 0.001 -20"><span class='ocrx_word' id='word_1_115' title='bbox 571 2012 832 2077; x_wconf 80' lang='lat' dir='ltr'>rostris“</span> <span class='ocrx_word' id='word_1_116' title='bbox 883 2012 1052 2095; x_wconf 89' lang='lat' dir='ltr'>quod</span> <span class='ocrx_word' id='word_1_117' title='bbox 1100 2012 1386 2094; x_wconf 85' lang='lat' dir='ltr'>dicimus,</span> <span class='ocrx_word' id='word_1_118' title='bbox 1439 2018 1627 2096; x_wconf 85' lang='lat' dir='ltr'>„aute</span> <span class='ocrx_word' id='word_1_119' title='bbox 1665 2012 1911 2079; x_wconf 87' lang='lat' dir='ltr'>rostra“</span> <span class='ocrx_word' id='word_1_120' title='bbox 1953 2012 2290 2096; x_wconf 87' lang='lat' dir='ltr'>significat,</span> <span class='ocrx_word' id='word_1_121' title='bbox 2336 2018 2407 2077; x_wconf 91' lang='lat' dir='ltr'>ut</span> <span class='ocrx_word' id='word_1_122' title='bbox 2446 2034 2600 2097; x_wconf 85' lang='lat' dir='ltr'>„pro</span> <span class='ocrx_word' id='word_1_123' title='bbox 2654 2015 2912 2080; x_wconf 86' lang='lat' dir='ltr'>mu1·is“.</span> 
     </span>
     <span class='ocr_line' id='line_1_16' title="bbox 571 2118 2921 2205; baseline 0.001 -20"><span class='ocrx_word' id='word_1_124' title='bbox 571 2118 680 2185; x_wconf 89' lang='lat' dir='ltr'>Sic</span> <span class='ocrx_word' id='word_1_125' title='bbox 756 2126 989 2200; x_wconf 84' lang='lat' dir='ltr'>errant,</span> <span class='ocrx_word' id='word_1_126' title='bbox 1075 2121 1180 2203; x_wconf 90' lang='lat' dir='ltr'>qui</span> <span class='ocrx_word' id='word_1_127' title='bbox 1241 2120 1618 2205; x_wconf 89' lang='lat' dir='ltr'>proscaenia</span> <span class='ocrx_word' id='word_1_128' title='bbox 1700 2120 2029 2205; x_wconf 89' lang='lat' dir='ltr'>appellant</span> <span class='ocrx_word' id='word_1_129' title='bbox 2091 2120 2296 2203; x_wconf 85' lang='lat' dir='ltr'>ipsam</span> <span class='ocrx_word' id='word_1_130' title='bbox 2361 2140 2698 2204; x_wconf 82' lang='lat' dir='ltr'>scaenam3</span> <span class='ocrx_word' id='word_1_131' title='bbox 2771 2143 2921 2188; x_wconf 88' lang='lat' dir='ltr'>nam</span> 
     </span>
     <span class='ocr_line' id='line_1_17' title="bbox 573 2226 2921 2312; baseline 0.002 -20"><span class='ocrx_word' id='word_1_132' title='bbox 573 2246 768 2312; x_wconf 87' lang='lat' dir='ltr'>opera</span> <span class='ocrx_word' id='word_1_133' title='bbox 831 2226 1146 2294; x_wconf 87' lang='lat' dir='ltr'>fabricata</span> <span class='ocrx_word' id='word_1_134' title='bbox 1205 2227 1628 2293; x_wconf 87' lang='lat' dir='ltr'>exadversum</span> <span class='ocrx_word' id='word_1_135' title='bbox 1678 2247 1919 2294; x_wconf 87' lang='lat' dir='ltr'>caveae</span> <span class='ocrx_word' id='word_1_136' title='bbox 1978 2247 2254 2293; x_wconf 85' lang='lat' dir='ltr'>scaenae</span> <span class='ocrx_word' id='word_1_137' title='bbox 2300 2226 2696 2311; x_wconf 86' lang='lat' dir='ltr'>dicebantur,</span> <span class='ocrx_word' id='word_1_138' title='bbox 2754 2229 2921 2296; x_wconf 89' lang='lat' dir='ltr'>unde</span> 
     </span>
     <span class='ocr_line' id='line_1_18' title="bbox 574 2335 2920 2422; baseline 0.002 -23"><span class='ocrx_word' id='word_1_139' title='bbox 574 2335 806 2400; x_wconf 89' lang='lat' dir='ltr'>rectius</span> <span class='ocrx_word' id='word_1_140' title='bbox 853 2337 1098 2420; x_wconf 90' lang='lat' dir='ltr'>pulpita</span> <span class='ocrx_word' id='word_1_141' title='bbox 1143 2357 1258 2422; x_wconf 92' lang='lat' dir='ltr'>pro</span> <span class='ocrx_word' id='word_1_142' title='bbox 1307 2356 1543 2403; x_wconf 89' lang='grc'><strong>3033113</strong></span> <span class='ocrx_word' id='word_1_143' title='bbox 1591 2356 1757 2418; x_wconf 90' lang='lat' dir='ltr'>quae</span> <span class='ocrx_word' id='word_1_144' title='bbox 1802 2341 1947 2401; x_wconf 90' lang='lat' dir='ltr'>sunt</span> <span class='ocrx_word' id='word_1_145' title='bbox 1990 2338 2368 2420; x_wconf 88' lang='lat' dir='ltr'>proscaenia</span> <span class='ocrx_word' id='word_1_146' title='bbox 2412 2337 2920 2421; x_wconf 85' lang='lat' dir='ltr'>appellabuntur,</span> 
     </span>
     <span class='ocr_line' id='line_1_19' title="bbox 573 2442 2925 2528; baseline 0.003 -23"><span class='ocrx_word' id='word_1_147' title='bbox 573 2448 641 2506; x_wconf 90' lang='lat' dir='ltr'>ut</span> <span class='ocrx_word' id='word_1_148' title='bbox 709 2449 1004 2527; x_wconf 87' lang='lat' dir='ltr'>„veteres</span> <span class='ocrx_word' id='word_1_149' title='bbox 1048 2443 1270 2509; x_wconf 86' lang='lat' dir='ltr'>ineunt</span> <span class='ocrx_word' id='word_1_150' title='bbox 1308 2444 1687 2528; x_wconf 89' lang='lat' dir='ltr'>proscaenia</span> <span class='ocrx_word' id='word_1_151' title='bbox 1729 2442 1927 2507; x_wconf 84' lang='lat' dir='ltr'>ludi“.</span> <span class='ocrx_word' id='word_1_152' title='bbox 1953 2447 1973 2488; x_wconf 92' lang='lat'>1</span> <span class='ocrx_word' id='word_1_153' title='bbox 2072 2442 2313 2520; x_wconf 81' lang='lat' dir='ltr'>Quibus</span> <span class='ocrx_word' id='word_1_154' title='bbox 2363 2443 2554 2528; x_wconf 87' lang='lat' dir='ltr'>Capri</span> <span class='ocrx_word' id='word_1_155' title='bbox 2597 2445 2664 2507; x_wconf 93' lang='lat' dir='ltr'>in</span> <span class='ocrx_word' id='word_1_156' title='bbox 2710 2445 2925 2511; x_wconf 86' lang='lat' dir='ltr'>verbis</span> 
     </span>
     <span class='ocr_line' id='line_1_20' title="bbox 574 2549 2923 2636; baseline 0.001 -21"><span class='ocrx_word' id='word_1_157' title='bbox 574 2569 736 2633; x_wconf 88' lang='lat' dir='ltr'>quae</span> <span class='ocrx_word' id='word_1_158' title='bbox 785 2550 881 2615; x_wconf 88' lang='lat' dir='ltr'>vis</span> <span class='ocrx_word' id='word_1_159' title='bbox 926 2550 1094 2634; x_wconf 90' lang='lat' dir='ltr'>insit,</span> <span class='ocrx_word' id='word_1_160' title='bbox 1141 2572 1398 2636; x_wconf 87' lang='lat' dir='ltr'>prorsus</span> <span class='ocrx_word' id='word_1_161' title='bbox 1465 2551 1526 2616; x_wconf 92' lang='lat' dir='ltr'>in</span> <span class='ocrx_word' id='word_1_162' title='bbox 1573 2551 1906 2636; x_wconf 87' lang='lat' dir='ltr'>propatulo</span> <span class='ocrx_word' id='word_1_163' title='bbox 1970 2570 2112 2616; x_wconf 89' lang='lat' dir='ltr'>esse</span> <span class='ocrx_word' id='word_1_164' title='bbox 2162 2549 2402 2634; x_wconf 90' lang='lat' dir='ltr'>opinor.</span> <span class='ocrx_word' id='word_1_165' title='bbox 2481 2551 2697 2617; x_wconf 86' lang='lat' dir='ltr'>Verba</span> <span class='ocrx_word' id='word_1_166' title='bbox 2756 2552 2923 2618; x_wconf 91' lang='lat' dir='ltr'>enim</span> 
     </span>
     <span class='ocr_line' id='line_1_21' title="bbox 580 2658 2923 2744; baseline 0 -21"><span class='ocrx_word' id='word_1_167' title='bbox 580 2658 712 2742; x_wconf 88' lang='lat' dir='ltr'>„sic</span> <span class='ocrx_word' id='word_1_168' title='bbox 776 2665 1007 2739; x_wconf 88' lang='lat' dir='ltr'>errant,</span> <span class='ocrx_word' id='word_1_169' title='bbox 1091 2658 1196 2742; x_wconf 88' lang='lat' dir='ltr'>qui</span> <span class='ocrx_word' id='word_1_170' title='bbox 1249 2661 1633 2744; x_wconf 89' lang='lat' dir='ltr'>proscaenia</span> <span class='ocrx_word' id='word_1_171' title='bbox 1696 2658 2022 2743; x_wconf 88' lang='lat' dir='ltr'>appellant</span> <span class='ocrx_word' id='word_1_172' title='bbox 2083 2659 2287 2742; x_wconf 85' lang='lat' dir='ltr'>ipsam</span> <span class='ocrx_word' id='word_1_173' title='bbox 2360 2658 2701 2723; x_wconf 75' lang='grc' dir='ltr'>3033113111ιι</span> <span class='ocrx_word' id='word_1_174' title='bbox 2768 2658 2923 2724; x_wconf 89' lang='grc'><strong>1111111</strong></span> 
     </span>
     <span class='ocr_line' id='line_1_22' title="bbox 575 2764 2917 2852; baseline 0 -21"><span class='ocrx_word' id='word_1_175' title='bbox 575 2764 749 2831; x_wconf 84' lang='grc'><strong>3111111</strong></span> <span class='ocrx_word' id='word_1_176' title='bbox 798 2764 1010 2830; x_wconf 89' lang='lat' dir='ltr'>dicere</span> <span class='ocrx_word' id='word_1_177' title='bbox 1054 2765 1274 2832; x_wconf 89' lang='lat' dir='ltr'>volunt</span> <span class='ocrx_word' id='word_1_178' title='bbox 1317 2766 1440 2831; x_wconf 88' lang='lat' dir='ltr'>nisi</span> <span class='ocrx_word' id='word_1_179' title='bbox 1487 2765 1638 2831; x_wconf 89' lang='lat' dir='ltr'>hoc:</span> <span class='ocrx_word' id='word_1_180' title='bbox 1691 2773 1798 2847; x_wconf 90' lang='lat' dir='ltr'>„ut</span> <span class='ocrx_word' id='word_1_181' title='bbox 1844 2787 1957 2850; x_wconf 90' lang='lat' dir='ltr'>pro</span> <span class='ocrx_word' id='word_1_182' title='bbox 2010 2768 2295 2850; x_wconf 82' lang='lat' dir='ltr'>„rostra“</span> <span class='ocrx_word' id='word_1_183' title='bbox 2350 2766 2477 2831; x_wconf 84' lang='lat' dir='ltr'>dici</span> <span class='ocrx_word' id='word_1_184' title='bbox 2518 2768 2917 2852; x_wconf 85' lang='lat' dir='ltr'>„prorostra“</span> 
     </span>
     <span class='ocr_line' id='line_1_23' title="bbox 575 2872 2926 2959; baseline 0 -22"><span class='ocrx_word' id='word_1_185' title='bbox 575 2892 698 2939; x_wconf 88' lang='lat' dir='ltr'>non</span> <span class='ocrx_word' id='word_1_186' title='bbox 741 2872 916 2953; x_wconf 86' lang='lat' dir='ltr'>licet,</span> <span class='ocrx_word' id='word_1_187' title='bbox 965 2872 1134 2955; x_wconf 90' lang='lat' dir='ltr'>quod</span> <span class='ocrx_word' id='word_1_188' title='bbox 1186 2894 1340 2958; x_wconf 87' lang='lat' dir='ltr'>„pro</span> <span class='ocrx_word' id='word_1_189' title='bbox 1387 2873 1646 2939; x_wconf 75' lang='lat' dir='ltr'>rostris“</span> <span class='ocrx_word' id='word_1_190' title='bbox 1698 2872 1867 2937; x_wconf 90' lang='lat' dir='ltr'>idem</span> <span class='ocrx_word' id='word_1_191' title='bbox 1915 2879 2013 2939; x_wconf 89' lang='lat' dir='ltr'>est</span> <span class='ocrx_word' id='word_1_192' title='bbox 2058 2872 2229 2955; x_wconf 87' lang='lat' dir='ltr'>quod</span> <span class='ocrx_word' id='word_1_193' title='bbox 2282 2878 2470 2959; x_wconf 85' lang='lat' dir='ltr'>„ante</span> <span class='ocrx_word' id='word_1_194' title='bbox 2507 2873 2780 2954; x_wconf 85' lang='lat' dir='ltr'>rostra“,</span> <span class='ocrx_word' id='word_1_195' title='bbox 2829 2872 2926 2938; x_wconf 88' lang='lat' dir='ltr'>ita</span> 
     </span>
     <span class='ocr_line' id='line_1_24' title="bbox 579 2978 2925 3066; baseline 0.001 -22"><span class='ocrx_word' id='word_1_196' title='bbox 579 2978 1099 3066; x_wconf 85' lang='lat' dir='ltr'>„proscaenium‘·‘</span> <span class='ocrx_word' id='word_1_197' title='bbox 1165 2980 1394 3045; x_wconf 88' lang='lat' dir='ltr'>Latine</span> <span class='ocrx_word' id='word_1_198' title='bbox 1457 3000 1583 3045; x_wconf 92' lang='lat' dir='ltr'>non</span> <span class='ocrx_word' id='word_1_199' title='bbox 1666 2985 1841 3045; x_wconf 90' lang='lat' dir='ltr'>recte</span> <span class='ocrx_word' id='word_1_200' title='bbox 1912 2978 2139 3044; x_wconf 87' lang='lat' dir='ltr'>dicitur</span> <span class='ocrx_word' id='word_1_201' title='bbox 2200 3000 2314 3065; x_wconf 89' lang='lat' dir='ltr'>pro</span> <span class='ocrx_word' id='word_1_202' title='bbox 2382 2999 2658 3064; x_wconf 86' lang='lat' dir='ltr'>„scaena</span> <span class='ocrx_word' id='word_1_203' title='bbox 2720 2979 2925 3064; x_wconf 84' lang='lat' dir='ltr'>ipsa“.</span> 
     </span>
     <span class='ocr_line' id='line_1_25' title="bbox 573 3085 2925 3172; baseline -0.001 -19"><span class='ocrx_word' id='word_1_204' title='bbox 573 3088 826 3153; x_wconf 79' lang='lat' dir='ltr'>Etenim</span> <span class='ocrx_word' id='word_1_205' title='bbox 876 3089 1256 3171; x_wconf 80' lang='lat' dir='ltr'>„scaenam“</span> <span class='ocrx_word' id='word_1_206' title='bbox 1307 3087 1595 3170; x_wconf 81' lang='lat' dir='ltr'>intellegi</span> <span class='ocrx_word' id='word_1_207' title='bbox 1641 3087 1778 3151; x_wconf 87' lang='lat' dir='ltr'>vult</span> <span class='ocrx_word' id='word_1_208' title='bbox 1820 3087 2031 3171; x_wconf 83' lang='lat' dir='ltr'>Caper</span> <span class='ocrx_word' id='word_1_209' title='bbox 2064 3106 2298 3172; x_wconf 86' lang='lat' dir='ltr'>„opera</span> <span class='ocrx_word' id='word_1_210' title='bbox 2361 3085 2678 3151; x_wconf 88' lang='lat' dir='ltr'>fabricata</span> <span class='ocrx_word' id='word_1_211' title='bbox 2724 3085 2925 3151; x_wconf 84' lang='lat' dir='ltr'>exad-</span> 
     </span>
     <span class='ocr_line' id='line_1_26' title="bbox 574 3187 2925 3275; baseline 0.001 -18"><span class='ocrx_word' id='word_1_212' title='bbox 574 3213 828 3259; x_wconf 86' lang='lat' dir='ltr'>versum</span> <span class='ocrx_word' id='word_1_213' title='bbox 903 3196 1208 3275; x_wconf 80' lang='lat' dir='ltr'>caveae“,</span> <span class='ocrx_word' id='word_1_214' title='bbox 1277 3195 1524 3260; x_wconf 89' lang='lat' dir='ltr'>scilicet</span> <span class='ocrx_word' id='word_1_215' title='bbox 1606 3213 1879 3259; x_wconf 87' lang='lat' dir='ltr'>scaenae</span> <span class='ocrx_word' id='word_1_216' title='bbox 1935 3192 2206 3258; x_wconf 85' lang='lat' dir='ltr'>frontem</span> <span class='ocrx_word' id='word_1_217' title='bbox 2274 3187 2396 3258; x_wconf 58' lang='lat' dir='ltr'>uda</span> <span class='ocrx_word' id='word_1_218' title='bbox 2452 3213 2592 3259; x_wconf 89' lang='lat' dir='ltr'>cum</span> <span class='ocrx_word' id='word_1_219' title='bbox 2657 3193 2925 3260; x_wconf 90' lang='lat' dir='ltr'>aedibus</span> 
     </span>
     <span class='ocr_line' id='line_1_27' title="bbox 477 3300 2367 3387; baseline -0.001 -20"><span class='ocrx_word' id='word_1_220' title='bbox 477 3342 489 3351; x_wconf 91' lang='lat'><strong>·</strong></span> <span class='ocrx_word' id='word_1_221' title='bbox 576 3300 856 3386; x_wconf 79' lang='lat' dir='ltr'>posticiS,</span> <span class='ocrx_word' id='word_1_222' title='bbox 903 3303 1274 3387; x_wconf 84' lang='lat' dir='ltr'>proscaenia</span> <span class='ocrx_word' id='word_1_223' title='bbox 1321 3310 1531 3367; x_wconf 89' lang='lat' dir='ltr'>autem</span> <span class='ocrx_word' id='word_1_224' title='bbox 1584 3303 1866 3387; x_wconf 84' lang='lat' dir='ltr'>„pulpita</span> <span class='ocrx_word' id='word_1_225' title='bbox 1911 3322 2024 3385; x_wconf 87' lang='lat' dir='ltr'>pro</span> <span class='ocrx_word' id='word_1_226' title='bbox 2071 3305 2367 3367; x_wconf 53' lang='grc' dir='ltr'>31133113)ι</span> 
     </span>
    </p>

    <p class='ocr_par' dir='ltr' id='par_1_5' title="bbox 575 3391 2928 3924">
     <span class='ocr_line' id='line_1_28' title="bbox 790 3391 2925 3495; baseline 0 -22"><span class='ocrx_word' id='word_1_227' title='bbox 790 3410 954 3474; x_wconf 88' lang='grc' dir='ltr'><strong>Τ11111</strong></span> <span class='ocrx_word' id='word_1_228' title='bbox 999 3410 1308 3495; x_wconf 82' lang='lat' dir='ltr'>respicias</span> <span class='ocrx_word' id='word_1_229' title='bbox 1353 3411 1545 3475; x_wconf 89' lang='lat' dir='ltr'>velim</span> <span class='ocrx_word' id='word_1_230' title='bbox 1572 3391 1812 3473; x_wconf 76' lang='lat' dir='ltr'>Donati</span> <span class='ocrx_word' id='word_1_231' title='bbox 1858 3406 2061 3493; x_wconf 87' lang='lat' dir='ltr'>praef.</span> <span class='ocrx_word' id='word_1_232' title='bbox 2100 3409 2358 3475; x_wconf 87' lang='lat' dir='ltr'>Terent.</span> <span class='ocrx_word' id='word_1_233' title='bbox 2394 3406 2622 3472; x_wconf 77' lang='lat' dir='ltr'>Andr.z</span> <span class='ocrx_word' id='word_1_234' title='bbox 2674 3409 2925 3492; x_wconf 82' lang='lat' dir='ltr'>„Anno-</span> 
     </span>
     <span class='ocr_line' id='line_1_29' title="bbox 575 3514 2927 3602; baseline 0 -22"><span class='ocrx_word' id='word_1_235' title='bbox 575 3515 836 3581; x_wconf 88' lang='lat' dir='ltr'>tandum</span> <span class='ocrx_word' id='word_1_236' title='bbox 883 3537 1033 3582; x_wconf 88' lang='grc'><strong>33113</strong></span> <span class='ocrx_word' id='word_1_237' title='bbox 1101 3517 1452 3602; x_wconf 86' lang='lat' dir='ltr'>puellarum</span> <span class='ocrx_word' id='word_1_238' title='bbox 1509 3516 1869 3582; x_wconf 88' lang='lat' dir='ltr'>liberalium</span> <span class='ocrx_word' id='word_1_239' title='bbox 1934 3514 2173 3580; x_wconf 89' lang='lat' dir='ltr'>nullam</span> <span class='ocrx_word' id='word_1_240' title='bbox 2237 3514 2589 3580; x_wconf 89' lang='lat' dir='ltr'>orationem</span> <span class='ocrx_word' id='word_1_241' title='bbox 2652 3516 2719 3579; x_wconf 90' lang='lat' dir='ltr'>in</span> <span class='ocrx_word' id='word_1_242' title='bbox 2778 3536 2927 3601; x_wconf 88' lang='lat' dir='ltr'>pro-</span> 
     </span>
     <span class='ocr_line' id='line_1_30' title="bbox 579 3622 2928 3709; baseline -0 -20"><span class='ocrx_word' id='word_1_243' title='bbox 579 3624 838 3690; x_wconf 89' lang='lat' dir='ltr'>scaenio</span> <span class='ocrx_word' id='word_1_244' title='bbox 884 3624 1097 3690; x_wconf 90' lang='lat' dir='ltr'>induci</span> <span class='ocrx_word' id='word_1_245' title='bbox 1143 3624 1206 3687; x_wconf 91' lang='lat' dir='ltr'>in</span> <span class='ocrx_word' id='word_1_246' title='bbox 1246 3623 1576 3691; x_wconf 90' lang='lat' dir='ltr'>comoedia</span> <span class='ocrx_word' id='word_1_247' title='bbox 1616 3623 1879 3709; x_wconf 86' lang='lat' dir='ltr'>palliata</span> <span class='ocrx_word' id='word_1_248' title='bbox 1915 3627 2171 3707; x_wconf 88' lang='lat' dir='ltr'>praeter</span> <span class='ocrx_word' id='word_1_249' title='bbox 2216 3622 2692 3688; x_wconf 81' lang='lat' dir='ltr'>invocationem</span> <span class='ocrx_word' id='word_1_250' title='bbox 2742 3624 2928 3689; x_wconf 90' lang='lat' dir='ltr'>Iuno-</span> 
     </span>
     <span class='ocr_line' id='line_1_31' title="bbox 579 3728 2923 3816; baseline -0.002 -20"><span class='ocrx_word' id='word_1_251' title='bbox 579 3733 676 3797; x_wconf 88' lang='lat' dir='ltr'>nis</span> <span class='ocrx_word' id='word_1_252' title='bbox 736 3733 1006 3815; x_wconf 86' lang='lat' dir='ltr'>lucinae,</span> <span class='ocrx_word' id='word_1_253' title='bbox 1073 3752 1238 3814; x_wconf 85' lang='lat' dir='ltr'>quae</span> <span class='ocrx_word' id='word_1_254' title='bbox 1302 3738 1367 3796; x_wconf 91' lang='lat' dir='ltr'>et</span> <span class='ocrx_word' id='word_1_255' title='bbox 1425 3731 1568 3816; x_wconf 83' lang='lat' dir='ltr'>ipsa</span> <span class='ocrx_word' id='word_1_256' title='bbox 1630 3750 1880 3813; x_wconf 88' lang='lat' dir='ltr'>quoque</span> <span class='ocrx_word' id='word_1_257' title='bbox 1940 3736 2084 3815; x_wconf 91' lang='lat' dir='ltr'>post</span> <span class='ocrx_word' id='word_1_258' title='bbox 2144 3748 2446 3795; x_wconf 85' lang='lat' dir='ltr'>scaenam</span> <span class='ocrx_word' id='word_1_259' title='bbox 2508 3729 2648 3795; x_wconf 90' lang='lat' dir='ltr'>fieri</span> <span class='ocrx_word' id='word_1_260' title='bbox 2694 3728 2923 3795; x_wconf 85' lang='lat' dir='ltr'>solet.“</span> 
     </span>
     <span class='ocr_line' id='line_1_32' title="bbox 585 3835 2928 3924; baseline -0.002 -20"><span class='ocrx_word' id='word_1_261' title='bbox 585 3839 1115 3924; x_wconf 82' lang='lat' dir='ltr'>„Proscaenium“</span> <span class='ocrx_word' id='word_1_262' title='bbox 1149 3838 1253 3904; x_wconf 93' lang='lat' dir='ltr'>hic</span> <span class='ocrx_word' id='word_1_263' title='bbox 1283 3838 1455 3904; x_wconf 90' lang='lat' dir='ltr'>idem</span> <span class='ocrx_word' id='word_1_264' title='bbox 1493 3858 1638 3903; x_wconf 87' lang='lat' dir='ltr'>esse</span> <span class='ocrx_word' id='word_1_265' title='bbox 1667 3845 1857 3921; x_wconf 91' lang='lat' dir='ltr'>atquc</span> <span class='ocrx_word' id='word_1_266' title='bbox 1886 3856 2164 3903; x_wconf 89' lang='lat' dir='ltr'>scaenae</span> <span class='ocrx_word' id='word_1_267' title='bbox 2193 3837 2503 3922; x_wconf 89' lang='lat' dir='ltr'>pulpitum</span> <span class='ocrx_word' id='word_1_268' title='bbox 2529 3837 2672 3902; x_wconf 91' lang='lat' dir='ltr'>luce</span> <span class='ocrx_word' id='word_1_269' title='bbox 2698 3835 2928 3901; x_wconf 86' lang='lat' dir='ltr'>clarius</span> 
     </span>
    </p>
   </div>
   <div class='ocr_carea' id='block_1_3' title="bbox 579 3942 2931 4136">
    <p class='ocr_par' dir='ltr' id='par_1_6' title="bbox 579 3942 2931 4136">
     <span class='ocr_line' id='line_1_33' title="bbox 579 3942 2931 4032; baseline -0.003 -20"><span class='ocrx_word' id='word_1_270' title='bbox 579 3968 662 4013; x_wconf 84' lang='lat' dir='ltr'>ex</span> <span class='ocrx_word' id='word_1_271' title='bbox 721 3966 932 4012; x_wconf 90' lang='lat' dir='ltr'>rerum</span> <span class='ocrx_word' id='word_1_272' title='bbox 999 3951 1298 4013; x_wconf 86' lang='lat' dir='ltr'>contextu</span> <span class='ocrx_word' id='word_1_273' title='bbox 1360 3951 1647 4032; x_wconf 88' lang='lat' dir='ltr'>apparet,</span> <span class='ocrx_word' id='word_1_274' title='bbox 1712 3942 1881 4027; x_wconf 88' lang='lat' dir='ltr'>quod</span> <span class='ocrx_word' id='word_1_275' title='bbox 1957 3964 2075 4010; x_wconf 90' lang='lat' dir='ltr'>nos</span> <span class='ocrx_word' id='word_1_276' title='bbox 2144 3944 2409 4009; x_wconf 88' lang='lat' dir='ltr'>dicimus</span> <span class='ocrx_word' id='word_1_277' title='bbox 2476 3945 2649 4031; x_wconf 74' lang='lat' dir='ltr'>„aas</span> <span class='ocrx_word' id='word_1_278' title='bbox 2702 3944 2931 4032; x_wconf 79' lang='lat' dir='ltr'>offener</span> 
     </span>
     <span class='ocr_line' id='line_1_34' title="bbox 579 4050 2593 4136; baseline -0.002 -17"><span class='ocrx_word' id='word_1_279' title='bbox 579 4055 864 4119; x_wconf 59' lang='lat' dir='ltr'>Bzzlzne‘fi</span> <span class='ocrx_word' id='word_1_280' title='bbox 959 4054 1114 4119; x_wconf 86' lang='lat' dir='ltr'>Cum</span> <span class='ocrx_word' id='word_1_281' title='bbox 1160 4054 1258 4120; x_wconf 89' lang='lat' dir='ltr'>his</span> <span class='ocrx_word' id='word_1_282' title='bbox 1305 4052 1386 4121; x_wconf 87' lang='lat' dir='ltr'>cf.</span> <span class='ocrx_word' id='word_1_283' title='bbox 1435 4051 1647 4117; x_wconf 86' lang='lat' dir='ltr'>Plauti</span> <span class='ocrx_word' id='word_1_284' title='bbox 1691 4051 1997 4136; x_wconf 87' lang='lat' dir='ltr'>Amphitr.</span> <span class='ocrx_word' id='word_1_285' title='bbox 2046 4052 2205 4136; x_wconf 89' lang='lat' dir='ltr'>prol.</span> <span class='ocrx_word' id='word_1_286' title='bbox 2255 4071 2312 4115; x_wconf 87' lang='lat' dir='ltr'>v.</span> <span class='ocrx_word' id='word_1_287' title='bbox 2361 4050 2593 4136; x_wconf 77' lang='lat'>91192:</span> 
     </span>
    </p>
   </div>
   <div class='ocr_carea' id='block_1_4' title="bbox 581 4312 2928 4480">
    <p class='ocr_par' dir='ltr' id='par_1_7' title="bbox 581 4312 2928 4480">
     <span class='ocr_line' id='line_1_35' title="bbox 581 4312 2928 4390; baseline -0.005 -10"><span class='ocrx_word' id='word_1_288' title='bbox 581 4326 847 4381; x_wconf 81' lang='lat' dir='ltr'>theatrum</span> <span class='ocrx_word' id='word_1_289' title='bbox 883 4338 1006 4379; x_wconf 88' lang='grc'><strong>3333</strong></span> <span class='ocrx_word' id='word_1_290' title='bbox 1044 4322 1299 4378; x_wconf 83' lang='lat' dir='ltr'>delatum.</span> <span class='ocrx_word' id='word_1_291' title='bbox 1375 4318 1527 4386; x_wconf 91' lang='lat' dir='ltr'>Quod</span> <span class='ocrx_word' id='word_1_292' title='bbox 1568 4319 1731 4387; x_wconf 88' lang='lat' dir='ltr'>addo,</span> <span class='ocrx_word' id='word_1_293' title='bbox 1773 4317 1900 4390; x_wconf 83' lang='lat' dir='ltr'>quia</span> <span class='ocrx_word' id='word_1_294' title='bbox 1950 4316 2233 4373; x_wconf 83' lang='lat' dir='ltr'>Rcischius</span> <span class='ocrx_word' id='word_1_295' title='bbox 2282 4315 2401 4388; x_wconf 90' lang='lat' dir='ltr'>ipsc</span> <span class='ocrx_word' id='word_1_296' title='bbox 2453 4332 2561 4371; x_wconf 88' lang='lat' dir='ltr'>non</span> <span class='ocrx_word' id='word_1_297' title='bbox 2600 4314 2761 4370; x_wconf 87' lang='lat' dir='ltr'>nimis</span> <span class='ocrx_word' id='word_1_298' title='bbox 2804 4312 2928 4371; x_wconf 86' lang='lat' dir='ltr'>huic</span> 
     </span>
     <span class='ocr_line' id='line_1_36' title="bbox 582 4406 1448 4480; baseline -0.007 -14"><span class='ocrx_word' id='word_1_299' title='bbox 582 4406 1006 4480; x_wconf 83' lang='lat' dir='ltr'>interpretationi</span> <span class='ocrx_word' id='word_1_300' title='bbox 1045 4407 1179 4463; x_wconf 82' lang='lat' dir='ltr'>fisus</span> <span class='ocrx_word' id='word_1_301' title='bbox 1217 4406 1448 4462; x_wconf 86' lang='lat' dir='ltr'>videtur.</span> 
     </span>
    </p>
   </div>
   <div class='ocr_carea' id='block_1_5' title="bbox 801 4515 2789 4591">
    <p class='ocr_par' dir='ltr' id='par_1_8' title="bbox 801 4515 2789 4591">
     <span class='ocr_line' id='line_1_37' title="bbox 801 4515 2789 4591; baseline -0.004 -12"><span class='ocrx_word' id='word_1_302' title='bbox 801 4524 821 4567; x_wconf 78' lang='lat'>¹</span> <span class='ocrx_word' id='word_1_303' title='bbox 863 4523 950 4585; x_wconf 81' lang='lat' dir='ltr'>Sic</span> <span class='ocrx_word' id='word_1_304' title='bbox 987 4523 1150 4581; x_wconf 83' lang='lat' dir='ltr'>verba</span> <span class='ocrx_word' id='word_1_305' title='bbox 1187 4522 1464 4579; x_wconf 87' lang='lat' dir='ltr'>Usenerus</span> <span class='ocrx_word' id='word_1_306' title='bbox 1501 4519 1731 4577; x_wconf 84' lang='lat' dir='ltr'>restituit</span> <span class='ocrx_word' id='word_1_307' title='bbox 1770 4519 1969 4591; x_wconf 85' lang='lat' dir='ltr'>(Rhcn.</span> <span class='ocrx_word' id='word_1_308' title='bbox 1999 4518 2140 4575; x_wconf 81' lang='lat' dir='ltr'>Mus,</span> <span class='ocrx_word' id='word_1_309' title='bbox 2182 4517 2288 4575; x_wconf 87' lang='lat' dir='ltr'>vol.</span> <span class='ocrx_word' id='word_1_310' title='bbox 2335 4516 2540 4586; x_wconf 84' lang='lat' dir='ltr'>XXIV,</span> <span class='ocrx_word' id='word_1_311' title='bbox 2582 4532 2634 4589; x_wconf 90' lang='lat' dir='ltr'>p.</span> <span class='ocrx_word' id='word_1_312' title='bbox 2677 4515 2789 4586; x_wconf 84' lang='grc'>96.)</span> 
     </span>
    </p>
   </div>
   <div class='ocr_carea' id='block_1_6' title="bbox 3162 4 3167 553">
    <p class='ocr_par' dir='ltr' id='par_1_9' title="bbox 3162 4 3167 553">
     <span class='ocr_line' id='line_1_38' title="bbox 3162 4 3167 553; baseline 0 0"><span class='ocrx_word' id='word_1_313' title='bbox 3162 4 3167 553; x_wconf 95' lang='lat' dir='ltr'> </span> 
     </span>
    </p>
   </div>
  </div>
 </body>
</html>
