3175 5109
1619 392 2011 450 ..98-

854 580 1114 646 Aediles
1181 584 1449 665 curules,
1507 601 1769 663 quorum
1834 581 2091 647 nomina
2176 582 2257 647 ab
2322 581 2596 647 Asconio
2661 582 2986 648 Valerium

637 687 960 753 Antiatem
1025 696 1349 755 auctorem
1413 695 1633 755 secuto
1680 689 2044 771 afferuntur,
2094 688 2286 755 iidem
2350 694 2513 770 sunt,
2562 710 2720 771 quos
2767 690 2985 756 Livius

640 803 1108 862 commemorat.
1201 798 1488 881 Accedit,
1565 797 1735 880 quod
1814 816 2069 881 prorsus
2132 796 2304 861 idem
2370 796 2453 861 de
2515 795 2703 877 ludis,
2758 798 2985 880 quibus

639 909 996 969 senatorum
1061 906 1208 970 loca
1271 926 1310 969 a
1373 904 1580 989 plebis
1648 910 1945 989 separata
2012 909 2247 989 essent,
2308 909 2573 987 uterque
2638 904 2983 971 memoriae

636 1010 916 1097 prodidit
961 1012 1250 1097 scriptor.
2494 997 2497 1001 ’

851 1146 1108 1212 Valerio
1155 1148 1347 1235 igitur
1391 1148 1647 1212 Antiate
1697 1149 1889 1213 eiiam
1936 1147 2155 1211 Livius
2202 1165 2350 1212 usus
2400 1153 2517 1213 est.

848 1281 986 1346 Iam
1033 1282 1338 1366 respicias
1386 1282 1600 1362 velim,
1664 1302 1827 1365 quae
1878 1281 2095 1347 Livius
2142 1281 2449 1361 XXXVI,
2518 1282 2625 1362 36,
2674 1286 2713 1362 ξ
2759 1282 2801 1345 4
2840 1290 2907 1347 et
2944 1284 2984 1347 5

637 1389 931 1454 exhibet:
1027 1389 1470 1474 „Locaverant
1530 1390 1757 1454 aedem
1819 1374 2177 1454 faciendam
2242 1409 2323 1453 ex
2381 1396 2640 1454 senatus
2696 1390 2985 1455 consulto

635 1495 720 1559 Μ.
786 1495 1026 1579 Livius,
1099 1496 1168 1560 C.
1218 1495 1524 1562 Claudius
1596 1516 1893 1563 censores
1939 1496 2024 1560 M.
2093 1496 2407 1580 Corneli0,
2474 1496 2543 1561 P.
2608 1497 2984 1581 Sempronio

637 1605 1035 1684 consulibus3
1075 1604 1379 1669 tredecim
1418 1603 1597 1669 annis
1627 1610 1791 1689 post,
1830 1624 2019 1685 quam
2048 1605 2259 1668 locata
2296 1610 2454 1683 erat,
2488 1603 2810 1669 dedicavit
2840 1626 2985 1670 eam

635 1710 718 1775 M.
785 1709 1009 1776 Junius
1073 1711 1323 1791 Brutus,
1389 1710 1649 1793 ludique
1717 1711 1797 1776 ob
1849 1709 2316 1797 dedicationem
2390 1711 2525 1775 eius
2582 1710 2756 1791 facti,
2822 1731 2983 1793 quos

633 1818 869 1902 primos
934 1818 1262 1884 scaenicos
1324 1818 1519 1884 fuisse
1568 1819 1797 1884 Antias
1836 1818 2131 1883 Valerius
2181 1825 2279 1883 est
2329 1824 2569 1900 auctor,
2634 1818 2984 1903 Megalesia

633 1926 1053 2011 appellatOS.“

848 2060 1089 2139 Quibus
1136 2081 1218 2126 ex
1265 2062 1478 2127 verbis
1525 2060 1741 2146 colligi
1787 2066 1999 2146 potest
2046 2060 2293 2125 Livium
2342 2079 2481 2125 eum
2528 2060 2653 2125 alia
2699 2066 2831 2125 tum
2878 2080 2984 2127 res

632 2170 960 2235 scaenicas
1000 2168 1316 2235 interdum
1362 2190 1402 2234 a
1449 2169 1707 2234 Valerio
1752 2169 2007 2234 Antiale
2056 2168 2359 2253 petivisse
2407 2187 2613 2251 neque
2688 2167 2747 2231 ei
2793 2166 2981 2232 nimis

633 2276 934 2342 confisum
996 2296 1160 2357 esse,
1226 2275 1498 2358 denique
1561 2278 1737 2360 prius
1785 2274 2175 2341 enuntiatum
2228 2276 2375 2352 loci,
2426 2274 2507 2339 de
2564 2293 2689 2357 quo
2752 2274 2979 2357 agitur,

634 2383 770 2468 (34,
817 2383 953 2470 54),
992 2405 1117 2450 non
1166 2384 1420 2449 Valerio
1469 2382 1710 2449 deberi.
1758 2383 2030 2467 Etenim,
2080 2402 2243 2466 quae
2280 2383 2587 2456 XXXVI,
2636 2382 2720 2447 36
2760 2382 2979 2465 legun-

631 2496 749 2571 tur,
801 2511 936 2556 cum
985 2492 1139 2557 nihil
1187 2490 1360 2556 aliud
1406 2490 1767 2573 significent
1813 2490 1934 2556 nisi
1965 2490 2373 2577 Megalenses
2418 2488 2602 2555 ludos
2641 2510 2805 2554 anno
2850 2490 2972 2553 191

632 2619 691 2663 a.
741 2598 887 2664 Chr.
939 2620 998 2665 n.
1047 2599 1283 2684 primos
1329 2598 1607 2663 omnium
1646 2598 1897 2664 omnino
1944 2598 2271 2665 scaenicos
2309 2596 2652 2677 exstitisse,
2694 2596 2977 2681 appella-

630 2711 730 2772 tos
795 2714 1006 2770 autem
1073 2706 1444 2793 Megalesia,
1511 2704 1861 2770 offensione
1926 2724 2051 2770 non
2118 2713 2354 2769 carent.
2440 2703 2605 2769 Nam
2654 2703 2977 2769 Valerium

630 2810 951 2877 Antiatem
1009 2812 1112 2879 hic
1172 2833 1413 2880 summo
1460 2812 1525 2876 in
1575 2832 1788 2877 errore
1836 2812 2082 2877 versari
2127 2812 2254 2876 iam
2317 2812 2464 2875 inde
2526 2812 2743 2894 liquet,
2808 2813 2979 2894 quod

627 2918 846 2985 Livius
909 2922 1048 3005 ipse
1095 2921 1225 2985 iam
1269 2919 1483 2985 multis
1532 2918 1714 2984 annis
1762 2925 1909 2983 ante
1960 2918 2143 2984 ludos
2192 2920 2520 2984 scaenicos
2591 2918 2787 2984 fuisse
2855 2925 2979 2983 tra-

629 3027 827 3109 didit3
894 3027 974 3092 cf.
1025 3028 1190 3092 enim
1236 3028 1486 3109 XXXI,
1535 3028 1597 3109 4,
1636 3027 1709 3091 5:
1761 3026 1963 3110 „Ludi
2012 3027 2276 3091 Romani
2336 3025 2611 3091 scaenici
2672 3046 2749 3091 eo
2808 3047 2976 3092 anno

628 3134 964 3217 magnifice
1013 3140 1448 3218 apparateque
1497 3132 1652 3198 facti
1699 3134 1781 3198 ab
1830 3132 2146 3198 aedilibus
2196 3133 2578 3198 curulibus.“
2620 3134 2705 3217 (a.
2745 3133 2868 3198 201
2916 3155 2975 3199 a.

629 3242 772 3307 Chr.
823 3246 909 3323 n.)
966 3244 1125 3306 Item
1165 3240 1243 3306 cf.
1285 3242 1606 3305 XXXIII.
1657 3242 1764 3322 25,
1818 3246 1888 3306 1:
1986 3238 2188 3323 „Ludi
2221 3238 2497 3305 ‘Romani
2559 3260 2634 3305 eo
2683 3261 2848 3305 anno
2910 3243 2977 3307 in

630 3349 796 3414 circo
862 3368 1222 3431 scaenaque
1281 3350 1362 3414 ab
1429 3348 1748 3414 aedilibus
1824 3349 2143 3413 curulibus
2193 3396 2207 3412 .
2260 3395 2275 3411 .
2343 3354 2409 3413 et
2468 3347 2976 3434 magnificentius

628 3477 817 3539 quam
867 3457 1026 3522 alias
1071 3455 1284 3521 facti.“
1338 3460 1422 3539 (a.
1480 3456 1605 3521 196
1653 3476 1711 3519 a.
1763 3454 1907 3521 Chr.
1958 3453 2049 3539 n.)
2100 3453 2195 3522 Cf.
2234 3455 2477 3535 XXIV,
2524 3456 2631 3520 43.

843 3597 1020 3675 Quae
1099 3617 1240 3661 cum
1305 3595 1395 3660 ita
1458 3594 1603 3677 sint,
1670 3614 2050 3677 quamquam
2114 3594 2411 3660 universe
2476 3615 2545 3661 re
2630 3586 2975 3680 explanata

627 3705 1036 3771 difficultates
1097 3722 1220 3767 non
1281 3721 1500 3768 omnes
1547 3702 1834 3767 sublatas
1894 3721 2036 3768 esse
2101 3702 2271 3767 haud
2317 3701 2568 3783 infitior,
2631 3709 2845 3768 tamen
2904 3705 2975 3769 id

624 3813 760 3878 iure
822 3811 1162 3895 collegisse
1217 3809 1371 3874 mihi
1429 3808 1673 3889 videor,
1738 3828 1902 3891 quae
1970 3831 2009 3875 a
2074 3810 2259 3875 Livio
2319 3810 2650 3895 (XXXIV,
2712 3812 2825 3895 54)
2890 3813 2972 3878 de

628 3940 791 3985 anno
839 3919 968 3985 558
1009 3919 1114 3985 vel
1160 3921 1369 4005 potius
1416 3918 1548 3984 560
1594 3920 1939 3986 memoriae
1986 3920 2353 4005 produntur,
2401 3920 2611 3986 redire
2659 3921 2742 3986 ad
2781 3922 2975 3988 Vale-

627 4027 786 4093 rium
827 4026 1167 4093 Antiatem.

837 4172 976 4237 Iam
1041 4169 1190 4254 quid
1253 4191 1333 4236 ex
1371 4170 1492 4252 his,
1551 4190 1707 4253 quos
1776 4170 2116 4252 attulimus,
2177 4170 2335 4238 loeis
2397 4171 2475 4236 de
2536 4178 2971 4257 spectatorum

628 4277 1000 4344 condicione
1049 4278 1339 4344 concludi
1384 4279 1605 4363 possit,
1656 4278 2164 4361 complectamur.
2257 4280 2340 4343 Et
2387 4278 2680 4346 Valerius
2745 4280 2970 4347 Antias

627 4386 882 4468 quidem
927 4392 1116 4468 atque
1164 4386 1389 4452 Cicero
1435 4387 1564 4450 iam
1604 4392 1733 4449 tum
1783 4386 1969 4451 certis
2016 4386 2335 4451 subselliis
2401 4405 2547 4451 usos
2594 4407 2736 4452 esse
2784 4408 2967 4473 spec-

627 4498 862 4561 tatores
925 4514 1142 4561 omnes
1188 4495 1250 4560 in
1313 4493 1544 4560 theatri
1596 4514 1798 4560 eavea
1843 4514 2209 4579 persuasum
2257 4494 2513 4577 habent,
2560 4494 2795 4580 quippe
2862 4496 2970 4578 qui
