3175 5109
211 600 404 666 ludos
451 600 739 686 publicos
784 600 1134 682 faciendos,
1185 601 1290 683 qui
1329 601 1646 666 aedilibus
1696 600 1779 665 ad
1826 600 2097 665 maiores
2156 601 2563 687 magistratus

211 707 644 793 capessendos
711 708 924 793 magni
972 713 1150 773 erant
1194 709 1522 789 momenti,
1588 708 1895 774 oblivioni
1950 706 2208 791 dabant,
2270 729 2411 773 cum
2457 711 2562 775 vel

209 823 528 882 sartorum
573 821 882 881 tectorum
930 815 1214 881 facerent
1251 816 1314 880 in
1363 816 1595 882 tabulis
1669 816 2072 881 mentionem.
2168 816 2282 881 Ilis
2331 816 2563 883 tabulis

211 925 314 989 vel
361 924 520 1009 ipsis
567 924 694 1004 vel,
743 923 809 987 id
857 923 1026 1006 quod
1073 922 1464 1007 probabilius
1513 924 1810 1005 equidem
1860 921 2039 1003 ducO,
2081 923 2163 988 ab
2204 923 2329 989 alio
2368 924 2560 1008 scrip-

211 1037 348 1096 tore
398 1032 522 1096 iam
570 1029 888 1116 excerptis
937 1029 1182 1095 Livium
1227 1050 1409 1096 usum
1457 1050 1601 1096 esse
1638 1030 1703 1094 in
1748 1029 2026 1095 historiis
2074 1050 2237 1112 quac
2275 1030 2565 1097 dicuntur

213 1138 687 1204 conscribendis
719 1138 1064 1205 verisimile
1113 1143 1230 1203 est.
1271 1139 1410 1205 Hoc
1457 1138 1673 1203 nescio
1712 1158 1792 1202 an
1832 1157 1911 1203 ea
1947 1158 2015 1202 re
2055 1137 2354 1219 firmetur,
2394 1138 2564 1221 quod

212 1267 354 1311 cum
401 1247 466 1311 in
509 1245 677 1311 Livii
723 1246 868 1311 libri
905 1246 1190 1311 XXXIV
1231 1266 1368 1330 cap.
1409 1247 1517 1329 44,
1557 1252 1690 1310 tum
1736 1245 1949 1311 multis
1997 1245 2137 1311 aliis
2182 1245 2361 1327 locis,
2404 1264 2563 1329 quos

211 1355 427 1439 paullo
456 1354 624 1421 infra
652 1374 792 1426 sum
819 1355 1142 1436 allaturuS,
1183 1360 1396 1421 certus
1425 1353 1684 1436 quidam
1724 1352 1878 1420 ordo
1918 1360 2347 1419 conservatur.
2392 1352 2559 1419 Nam

209 1465 483 1547 primum
548 1462 806 1545 quidem
871 1461 1128 1527 comitia
1173 1462 1396 1526 habita
1463 1468 2046 1543 commemorantur,
2112 1470 2243 1525 tum
2308 1459 2565 1525 nomina

214 1590 452 1652 eorum,
503 1571 608 1653 qui
653 1569 996 1635 honoribus
1045 1569 1222 1653 digni
1268 1590 1308 1634 a
1351 1570 1589 1655 populo
1639 1571 1925 1635 Romano
1964 1568 2170 1654 putati
2218 1574 2381 1647 sunt,
2456 1568 2562 1633 de-

211 1679 402 1759 nique
451 1696 648 1762 opera
692 1677 1026 1760 unicuique
1072 1675 1392 1742 attributa.

427 1795 562 1859 Iam
629 1792 853 1858 audias
911 1793 1102 1859 velim
1148 1792 1397 1857 Livium
1443 1793 1669 1877 ipsum.
1719 1792 1810 1856 Ac
1858 1793 2127 1876 primum
2182 1792 2261 1857 ef.
2312 1792 2561 1871 XXXI,

211 1903 273 1985 4,
322 1902 400 1965 4:
501 1902 666 1988 „Per
713 1922 824 1968 eos
862 1900 1002 1967 dies
1051 1902 1120 1966 P.
1177 1900 1364 1967 Aelio
1410 1901 1668 1967 consule
1723 1900 1977 1966 comitia
2020 1900 2299 1965 habente
2364 1901 2563 1965 creati

214 2010 507 2075 consules
567 2009 640 2073 P.
706 2008 1024 2093 Sulpicius
1099 2008 1332 2088 Galba,
1401 2007 1472 2074 C.
1553 2008 1845 2074 Aurelius
1931 2008 2137 2073 Cotta.
2221 2008 2561 2075 Praetores

214 2116 444 2181 exinde
509 2115 662 2181 sacti
725 2116 799 2194 Q.
868 2116 1177 2181 Minucius
1251 2114 1474 2197 Rufus,
1539 2115 1613 2180 L.
1678 2115 1908 2181 Furius
1965 2115 2297 2201 Purpurio,
2346 2165 2361 2179 .
2415 2166 2429 2179 .
2480 2167 2494 2181 .
2546 2165 2559 2180 .

211 2222 374 2288 Ludi
421 2225 688 2289 Romani
735 2224 1013 2289 scaenici
1062 2243 1138 2289 eo
1186 2244 1351 2289 anno
1387 2223 1728 2307 magnifice
1776 2228 2211 2308 apparateque
2270 2222 2428 2289 facti
2476 2225 2558 2289 ab

213 2330 524 2397 aedilibus
563 2330 881 2396 curulibus
930 2331 1002 2394 L.
1041 2332 1302 2396 Valerio
1348 2330 1586 2395 Flacco
1626 2336 1692 2395 et
1731 2330 1802 2393 L.
1848 2329 2139 2407 Quinctio
2180 2330 2557 2395 FlamininO.

211 2438 482 2503 Biduum
525 2439 944 2503 instauratum
992 2444 1108 2505 est.
1187 2436 1641 2521 Frumentique
1684 2437 1810 2501 vim
1874 2438 2219 2524 ingentem,
2264 2437 2435 2519 quod
2482 2457 2563 2501 ex

215 2544 431 2611 Africa
495 2546 566 2609 P.
614 2545 830 2629 Scipio
895 2545 1173 2626 miserat,
1221 2545 1539 2627 quaternis
1598 2546 1764 2610 aeris
1811 2546 2045 2629 populo
2115 2564 2253 2608 cum
2318 2564 2563 2609 summa

216 2651 343 2718 fide
407 2659 472 2719 et
519 2653 726 2737 gratia
782 2652 1152 2717 diviserunt.
1208 2654 1292 2717 Et
1335 2653 1556 2737 plebei·
1596 2652 1731 2717 ludi
1776 2658 1875 2717 ter
1919 2651 2038 2716 toti
2102 2652 2432 2721 instaurati
2480 2653 2560 2716 ab

219 2760 529 2825 aedilibus
565 2759 741 2845 plebi
786 2759 858 2823 L.
907 2760 1173 2844 Apustio
1220 2760 1490 2825 Fullone
1538 2766 1603 2825 et
1650 2759 1723 2837 Q.
1772 2760 2048 2824 Minucio
2088 2758 2275 2841 Rufo,
2327 2759 2432 2842 qui
2480 2779 2562 2825 ex

220 2868 544 2934 aedilitate
588 2873 846 2953 praetor
893 2872 1143 2933 creatus
1191 2869 1384 2932 e1·at.“

429 2996 592 3059 Item
631 2990 711 3057 cf.
750 2992 1126 3075 XXXVIII,
1167 2994 1272 3075 28,
1307 2997 1336 3057 1
1375 3014 1506 3075 sq.:
1560 2992 1914 3077 „Censores
1951 2994 2193 3059 Romae
2223 2993 2299 3056 T.
2334 2990 2562 3069 Quinc-

220 3102 338 3167 tius
404 3100 798 3167 Flamininus
863 3107 928 3165 et
987 3100 1070 3163 M.
1123 3100 1425 3167 Claudius
1489 3101 1829 3166 Marcellus
1894 3106 2183 3166 senatum
2255 3101 2563 3186 legerunt.

175 3246 192 3263 ο
221 3208 520 3294 Princeps
567 3208 633 3272 in
679 3212 905 3274 senatu
943 3208 1193 3271 tertium
1240 3208 1445 3274 lectus
1481 3208 1555 3273 P.
1596 3208 1811 3291 Scipio
1851 3207 2223 3291 Africanus3
2273 3212 2567 3289 quattuor

219 3317 336 3382 soli
403 3316 730 3402 praeteriti
775 3321 938 3394 sunt,
987 3334 1170 3381 nemo
1218 3315 1417 3379 curuli
1481 3335 1629 3381 usus
1693 3315 1956 3380 honore.
2020 3314 2100 3379 Et
2164 3315 2227 3379 in
2284 3314 2564 3397 equitatu

221 3424 604 3491 recensendo
641 3422 810 3489 mitis
849 3420 1190 3489 admodum
1239 3442 1506 3489 censura
1551 3422 1689 3487 fuit.
1781 3422 2324 3489 Substruct-ionem
2372 3440 2563 3506 super

222 3526 715 3611 Aequimaelium
770 3530 836 3595 in
901 3529 1217 3614 Capitolio
1266 3537 1330 3595 et
1376 3531 1547 3595 viam
1594 3530 1771 3596 silice
1820 3530 2227 3597 sternendam
2294 3550 2334 3593 a
2382 3535 2563 3613 porta

225 3634 478 3723 Capena
522 3637 605 3703 ad
644 3638 866 3704 Martis
913 3637 1346 3704 locaverunt.“

433 3752 528 3820 Of.
567 3754 706 3835 XL,
745 3756 869 3820 51:
922 3754 1277 3838 „Censores
1325 3754 1500 3820 fideli
1549 3755 1891 3819 concordia
1928 3760 2215 3820 senatum
2253 3754 2563 3841 legerunt.

225 3858 522 3947 Princeps
580 3862 786 3927 lectus
834 3868 930 3927 est
979 3862 1115 3947 ipse
1165 3882 1389 3927 censor
1454 3863 1536 3925 M.
1586 3862 1890 3926 Aemilius
1939 3860 2219 3945 Lepidus
2278 3860 2565 3945 pontifex

225 3968 560 4051 maximus3
615 3974 748 4033 tres
809 3969 998 4034 eiecti
1059 3968 1138 4035 de
1187 3975 1447 4052 senatu3
1520 3968 1777 4033 retinuit
1826 3967 2134 4051 quosdam
2182 3966 2461 4051 Lepidus
2527 3989 2566 4033 a

227 4076 469 4159 collega
511 4075 910 4160 praeteritos.
961 4076 1176 4162 Opera
1224 4097 1302 4141 ex
1349 4077 1620 4162 pecunia
1657 4076 1960 4141 attributa
2008 4074 2339 4155 divisaque
2401 4075 2567 4139 inter

225 4198 289 4245 se
331 4183 498 4248 haec
545 4182 973 4249 confecerunt.
1022 4184 1302 4269 Lepidus
1349 4185 1579 4249 molem
1631 4183 1714 4247 ad
1762 4181 2194 4263 Tarracinam,
2251 4180 2564 4265 ingratum

227 4307 396 4373 opus,
464 4292 631 4373 quod
698 4290 965 4375 praedia
1027 4292 1308 4357 habebat
1408 4290 1497 4356 ibi
1578 4292 2019 4375 privatamque
2092 4288 2388 4373 publicae
2471 4288 2566 4352 rei

224 4392 548 4482 inpensam
609 4398 995 4481 inseruerat3
1065 4400 1378 4463 theatrum
1447 4404 1510 4461 et
1575 4396 2014 4481 proscaenium
2082 4396 2165 4461 ad
2226 4395 2563 4479 ApolliniS‚

229 4504 448 4569 aedem
515 4505 684 4572 Iovis
748 4506 810 4570 in
879 4506 1191 4590 Capitolio
1257 4507 1707 4587 columnasque
1784 4506 1953 4571 circa
2015 4502 2351 4589 poliendas
2415 4504 2562 4574 albo
