3175 5109
1519 392 1912 450 —34—

759 574 923 662 „Qui
968 582 1180 644 autem
1230 580 1588 645 auscultare
1634 581 1831 663 nolet,
1880 589 2185 670 exsurgat
2231 582 2425 667 foras,
2478 584 2483 589 ’

754 686 843 752 Ut
885 685 990 768 sit,
1027 686 1138 753 ubi
1183 688 1410 753 sedeat
1454 688 1584 771 ille,
1634 689 1741 771 qui
1788 693 2149 757 auscultare
2198 694 2352 759 volt.

752 794 937 861 Nunc
985 816 1112 878 qua
1158 794 1500 862 adsedistis
1547 816 1746 862 causa
1789 798 1854 864 in
1900 798 2133 865 festivo
2178 800 2323 865 loco
2370 850 2387 864 .
2436 848 2453 864 .
2504 802 2564 865 .“

749 902 867 968 His
906 905 1196 971 versibus
1243 904 1378 969 fere
1429 905 1739 970 evincitur
1785 906 2033 972 sedisse
2082 906 2274 973 certis
2328 908 2649 975 subselliis
2709 929 2889 995 spec·

535 1016 779 1077 tatores
827 1032 1066 1095 eosque
1111 1033 1237 1078 non
1281 1013 1530 1097 partim,
1578 1012 1696 1077 sed
1742 1032 1980 1079 omnes.
2028 1014 2226 1080 Plane
2272 1014 2445 1080 idem
2491 1014 2742 1081 videtur
2784 1016 2889 1081 hic

535 1119 602 1184 in
649 1119 898 1185 theatro
961 1140 1101 1186 esse
1162 1125 1354 1203 atque
1413 1119 1646 1185 sedere
1705 1128 1895 1203 atque
1954 1120 2009 1186 is
2057 1122 2164 1204 qui
2222 1121 2441 1188 audire
2488 1124 2623 1189 vult
2679 1125 2888 1190 locum

537 1224 736 1291 demit
781 1226 840 1291 ei
887 1228 992 1311 qui
1039 1228 1175 1291 vult
1220 1245 1426 1310 neque
1474 1227 1695 1311 habet,
1740 1228 1855 1294 ubi
1895 1226 2139 1294 sedeat.

747 1329 993 1395 Eadem
1036 1329 1171 1394 fere
1220 1335 1317 1395 est
1364 1327 1526 1394 ratio
1573 1330 1911 1407 verborum
1973 1348 2137 1413 quae
2183 1329 2482 1414 leguntur
2525 1331 2591 1397 in
2636 1332 2889 1419 Epidici

534 1404 683 1519 fine,
729 1438 835 1502 ubi
885 1437 1066 1523 gregi
1111 1437 1274 1503 haec
1319 1437 1519 1502 verba
1556 1436 1947 1502 tribuuntur.
1998 1437 2091 1524 (v.
2145 1438 2324 1525 733.)

751 1546 1084 1627 „Plaudite
1131 1552 1196 1610 et
1239 1547 1474 1629 valete,
1524 1545 1775 1611 lumbos
1820 1544 2069 1629 porgite
2118 1550 2313 1627 atque
2360 1548 2745 1631 exsurgite.“

748 1655 964 1721 Verba
1032 1654 1320 1740 „lumbos
1388 1653 1638 1741 porgite
1722 1659 1915 1735 atque
1980 1652 2342 1737 exsurgite“
2411 1653 2697 1741 intellegi
2758 1677 2887 1722 non

532 1768 818 1848 possunt,
863 1762 986 1827 nisi
1032 1762 1290 1827 fabulae
1339 1767 1737 1847 spectatores
1784 1758 2029 1825 sedisse
2076 1766 2428 1826 statuamus
2486 1782 2724 1829 omnes.

744 1868 922 1933 Idem
969 1869 1189 1935 valent
1242 1870 1462 1951 verba,
1511 1869 1740 1951 quibus
1806 1866 2027 1933 histrio
2093 1873 2491 1953 spectatores
2543 1869 2885 1954 alloquitur

531 1977 595 2041 in
643 1976 1009 2041 Truculenti
1054 1977 1335 2058 fabulae,
1374 1998 1434 2041 v.
1483 1977 1654 2041 968:

747 2085 1200 2170 „Spectatores
1245 2086 1412 2151 bene
1458 2086 1692 2165 valete,
1740 2084 2023 2169 plaudite
2073 2090 2264 2167 atque
2313 2085 2697 2169 exsurgite,“

529 2212 735 2273 neque
783 2192 1146 2276 discrepant
1184 2192 1383 2257 verba
1431 2212 1466 2257 e
1513 2193 1780 2276 prologo
1827 2191 2129 2257 Pseudoli
2176 2200 2469 2257 servata:

747 2298 1072 2384 „Exporgi
1115 2299 1368 2364 meliust
1413 2299 1663 2365 lumbos
1709 2306 1903 2381 atque
1950 2298 2317 2385 exsurgier3

741 2406 1038 2471 Plautina
1076 2406 1272 2489 longa
1317 2406 1537 2472 sabula
1582 2407 1648 2472 in
1693 2426 1991 2472 scaenam
2037 2406 2272 2472 venit.“
2302 2410 2333 2459 1-

743 2515 880 2578 Iam
927 2513 1308 2599 respiciendi
1353 2519 1501 2580 sunt
1535 2513 1818 2579 nonnulli
1865 2515 2011 2597 loci,
2060 2516 2163 2598 qui
2211 2515 2437 2581 mediis
2504 2535 2582 2579 ex
2642 2514 2876 2582 fabulis

529 2621 683 2706 ipsis
719 2620 901 2705 petiti
949 2621 1278 2687 offensioni
1325 2622 1576 2686 omnino
1623 2641 1749 2686 non
1798 2628 1962 2687 sunt.

743 2730 818 2793 In
891 2729 1159 2794 Poenuli
1231 2729 1489 2793 fabulae
1571 2748 1634 2793 v·
1714 2728 1887 2792 1224
1961 2727 2413 2812 Agorastaeles
2494 2730 2875 2799 adulescens

525 2836 899 2903 Hannonem
936 2836 1239 2917 Poenum,
1282 2843 1348 2899 ut
1383 2835 1639 2902 iocandi
1676 2835 1867 2900 finem
1914 2834 2131 2917 faciat,
2170 2835 2453 2902 hortatur
2492 2839 2705 2904 verbis
2742 2838 2873 2905 his:

734 3159 752 3195 ¹
793 3158 940 3221 Quae
977 3158 1146 3215 verba
1183 3174 1216 3213 a
1250 3166 1411 3231 poeta
1439 3157 1710 3214 Sarsinate
1750 3156 1992 3230 profecta
2029 3172 2135 3211 non
2166 3172 2286 3211 esse
2327 3156 2433 3211 iam
2477 3156 2717 3214 Woltlius
2754 3158 2789 3215 l.
2822 3176 2868 3216 c.

522 3259 586 3296 ex
624 3242 807 3299 addita
844 3260 975 3301 voce
1018 3242 1324 3298 «Plautina.
1367 3251 1512 3298 recte
1554 3243 1819 3314 cognovit.
1860 3241 1973 3296 Hoc
2010 3241 2174 3297 etiam
2212 3240 2535 3296 Bitschelius
2567 3241 2864 3309 intellexit;

521 3342 708 3382 errare
747 3338 926 3384 autem
964 3328 1095 3383 mihi
1134 3330 1364 3398 videtur,
1407 3328 1553 3400 quod
1595 3328 1651 3399 (1.
1692 3345 1737 3384 e.
1778 3344 1826 3399 p.
1865 3327 1995 3398 233)
2048 3326 2223 3398 legem
2276 3335 2479 3381 certam
2518 3325 2621 3379 sibi
2658 3327 2863 3394 statuit,

520 3412 588 3467 ad
627 3431 786 3486 quam
828 3431 1015 3470 omnes
1053 3414 1308 3486 prologos
1354 3414 1591 3485 dirigere
1634 3429 1792 3484 posse
1832 3411 1935 3466 sibi
1973 3411 2117 3466 visus
2166 3420 2267 3479 est,
2321 3427 2443 3465 cum
2491 3410 2593 3463 sibi
2640 3425 2869 3481 persna-

519 3497 677 3552 sisset
713 3514 902 3555 omnes
939 3498 1107 3567 locoS,
1150 3499 1346 3573 quibus
1385 3498 1606 3571 proprio
1647 3513 1744 3551 suo
1785 3495 2001 3552 nomine
2041 3496 2259 3551 Plautus
2298 3495 2484 3564 utitur,
2528 3493 2635 3549 iam
2678 3509 2775 3565 per
2806 3511 2867 3549 se

517 3583 664 3655 ipsos
702 3582 851 3637 nulla
888 3582 1132 3638 adhibita
1169 3584 1318 3639 consi
1342 3583 1607 3638 {eratione
1646 3583 1887 3654 ipsorum
1927 3581 2169 3635 locorum
2210 3588 2264 3635 et
2306 3577 2698 3634 sententiarum
2738 3592 2865 3633 con-

517 3675 693 3721 textus
731 3666 1121 3739 disceptatione
1161 3667 1348 3723 Plauto
1388 3667 1777 3723 abiudicandos
1816 3683 1953 3720 esse.
1992 3666 2094 3732 Qui
2132 3667 2277 3719 hunc
2315 3665 2371 3718 in
2402 3680 2645 3719 errorem
2675 3674 2866 3733 raptus

517 3760 618 3815 est,
661 3750 805 3822 quod
843 3750 991 3806 locos
1030 3752 1322 3821 PlautinoS‚
1365 3752 1563 3824 quibus
1602 3768 1818 3824 semper
1858 3750 1940 3805 vel
1968 3748 2249 3805 «Plautus-
2293 3750 2409 3821 ipse
2447 3750 2533 3803 vel
2562 3748 2857 3804 «Maccius»

516 3835 601 3889 vel
635 3835 913 3891 «Plautina
948 3836 1160 3893 sabula»
1197 3846 1714 3903 commemorantur,
1749 3853 1871 3892 cum
1910 3852 2062 3890 more
2092 3834 2417 3890 Terentiano
2451 3833 2695 3901 contulit,
2730 3850 2859 3906 quo,

515 3920 824 3994 ubicunque
872 3931 1060 3977 auctor
1115 3921 1182 3976 de
1240 3938 1297 3975 se
1354 3920 1522 3977 verba
1576 3919 1722 3988 facit,
1776 3934 2052 3991 uniquam
2114 3933 2211 3972 suo
2262 3917 2478 3972 nomine
2533 3916 2722 3982 utitur,
2764 3916 2861 3969 sed

516 4021 732 4077 semper
767 4003 1078 4077 generalem
1112 4004 1382 4074 quandam
1418 4004 1699 4059 notionem
1745 4013 1805 4058 ut
1846 4010 2125 4074 «poetam»
2169 4000 2336 4067 eligit.
2416 4000 2566 4062 Quod
2608 4000 2859 4072 equidem

516 4089 749 4163 probare
787 4092 1005 4146 omnino
1044 4107 1153 4146 non
1192 4105 1433 4163 possum,
1485 4089 1741 4162 quoniam
1781 4095 1973 4160 poetae
2011 4102 2211 4141 nomen
2260 4086 2538 4159 proprium
2590 4086 2721 4161 nulli
2762 4086 2859 4140 oh-

514 4174 731 4231 noxium
770 4192 889 4231 esse
920 4175 1204 4231 offensioni
1233 4183 1382 4249 puto,
1425 4189 1751 4247 quamquam
1781 4170 2184 4227 concedendum
2217 4179 2299 4225 est
2328 4170 2475 4226 locos
2506 4187 2621 4241 θος,
2662 4170 2859 4243 quibus

513 4260 856 4328 adiectivum,
917 4261 1061 4333 quod
1119 4259 1324 4327 dicunt,
1393 4275 1593 4315 nomen
1658 4265 1720 4312 ut
1784 4256 2062 4311 ·Plautina
2122 4255 2335 4310 fabula·
2406 4265 2595 4324 exstat,
2667 4265 2858 4326 poetae

513 4346 702 4403 aetatis
740 4346 1054 4418 posterioris
1094 4345 1410 4401 tribuendos
1448 4361 1584 4401 esse.
1625 4344 1720 4411 Cf„
1766 4339 1913 4415 quod
1961 4341 2066 4395 hac
2106 4340 2173 4396 de
2222 4357 2280 4395 re
2320 4342 2573 4398 dixerunt
2609 4341 2855 4398 Dziatzko

511 4432 590 4500 (in
656 4439 895 4503 «quaest.
956 4432 1082 4487 sela
1144 4448 1194 4503 p.
1243 4433 1312 4488 22
1371 4450 1469 4505 sq„
1533 4433 1588 4487 in
1653 4430 1841 4501 amq.
1881 4434 2255 4501 Gese'cht.s·p,»,
2327 4445 2378 4501 p.
2418 4428 2489 4500 2),
2558 4436 2615 4483 et
2667 4428 2857 4484 Traut-

509 4518 734 4573 weinius
771 4518 805 4574 1.
847 4535 893 4575 c.
933 4535 986 4589 p.
1020 4517 1091 4573 23
1130 4537 1210 4591 sq.
2747 4530 2789 4561 ·-
