3175 5109
1594 376 1829 435 ...28
1934 414 1987 423 -

830 564 1090 631 Aediles
1157 569 1424 650 curules,
1483 586 1744 648 quorum
1810 566 2067 631 nomina
2152 566 2232 630 ab
2296 565 2570 631 Asconio
2636 566 2961 631 Valerium

613 672 935 737 Antiatem
1001 680 1324 740 auctorem
1388 681 1608 740 secuto
1656 674 2019 756 afferuntur,
2068 673 2261 739 iidem
2325 678 2488 753 sunt,
2538 694 2695 755 quos
2743 674 2959 740 Livius

615 788 1084 847 commemorat.
1177 782 1462 866 Accedit,
1541 782 1711 865 quod
1790 802 2045 865 prorsus
2108 781 2279 846 idem
2345 781 2429 846 de
2490 780 2678 861 ludis,
2734 783 2959 865 quibus

614 895 972 954 senatorum
1036 890 1182 955 loca
1247 910 1286 955 a
1347 890 1554 975 plebis
1623 895 1921 975 separata
1987 894 2221 974 essent,
2282 894 2549 971 uterque
2613 888 2959 955 memoriae

612 995 891 1082 prodidit
937 996 1225 1081 scriptor.
2468 982 2473 985 ¹

827 1130 1083 1197 Valerio
1131 1132 1323 1219 igitur
1366 1132 1621 1197 Antiate
1673 1134 1864 1197 etiam
1911 1131 2130 1196 Livius
2177 1150 2325 1197 usus
2375 1138 2492 1197 est.

823 1267 962 1330 Iam
1008 1266 1313 1351 respicias
1361 1265 1574 1347 velim,
1639 1286 1803 1349 quae
1853 1266 2070 1332 Livius
2119 1266 2425 1345 XXXVI,
2493 1267 2600 1347 36,
2650 1272 2688 1347 ξ
2735 1267 2778 1329 4
2816 1275 2881 1332 et
2917 1268 2957 1332 5

612 1374 906 1438 exhibet:
1003 1374 1444 1458 „Locavcrant
1505 1375 1733 1439 aedem
1794 1359 2152 1439 faciendam
2218 1394 2298 1437 ex
2356 1381 2615 1439 senatus
2672 1375 2958 1439 consulto

610 1480 696 1544 M.
762 1480 1002 1563 LiviuS,
1074 1480 1143 1546 C.
1194 1480 1499 1546 Claudius
1570 1500 1868 1547 censores
1914 1480 2000 1545 M.
2068 1480 2382 1565 Cornelio,
2449 1481 2518 1545 Ρ.
2583 1482 2957 1566 Sempronio

612 1590 1010 1668 consulibus3
1051 1588 1354 1654 tredecim
1393 1588 1571 1653 annis
1603 1594 1766 1673 post,
1806 1608 1994 1669 quam
2023 1589 2235 1653 locata
2272 1595 2429 1668 erat,
2463 1588 2785 1653 dedicavit
2814 1610 2957 1654 eam

610 1694 694 1759 M.
760 1694 985 1761 Junius
1049 1696 1299 1775 Brutus,
1366 1695 1625 1777 ludique
1692 1696 1773 1760 ob
1824 1693 2291 1782 dedicationem
2366 1695 2500 1759 eius
2557 1694 2731 1776 facti,
2796 1715 2955 1777 quos

610 1803 844 1887 primos
911 1802 1238 1868 scaenicos
1300 1803 1496 1869 fuisse
1544 1804 1773 1868 Antias
1810 1803 2106 1868 Valerius
2156 1809 2255 1867 est
2304 1809 2545 1885 auctor,
2610 1802 2957 1887 Megalesia

609 1910 1029 1996 appellatOS.“

824 2044 1065 2123 Quibus
1115 2066 1194 2110 cx
1242 2046 1454 2111 verbis
1501 2045 1716 2130 colligi
1763 2051 1975 2129 potest
2022 2044 2268 2109 Livium
2317 2064 2457 2110 cum
2503 2043 2629 2109 alia
2674 2051 2806 2109 tum
2854 2064 2955 2111 res

607 2153 936 2220 scaenicas
975 2152 1291 2219 interdum
1339 2175 1378 2219 a
1425 2153 1683 2218 Valerio
1729 2152 1982 2218 Antiate
2032 2151 2335 2237 petivisse
2382 2172 2588 2235 neque
2663 2152 2723 2215 ei
2768 2150 2953 2217 nimis

608 2260 910 2326 confisum
971 2281 1136 2341 esse,
1203 2260 1474 2342 denique
1537 2262 1713 2345 prius
1761 2260 2150 2325 enuntiatum
2204 2260 2350 2336 loci,
2400 2258 2480 2324 de
2539 2278 2664 2341 quo
2728 2258 2951 2341 agitur,

609 2368 744 2453 (34,
793 2367 928 2454 54),
967 2389 1093 2441 non
1142 2368 1396 2433 Valerio
1444 2366 1686 2433 deberi.
1734 2367 2005 2451 Etenim,
2056 2385 2217 2449 quae
2255 2367 2563 2441 XXXVI,
2611 2366 2695 2431 36
2736 2366 2951 2449 legun-

606 2481 725 2555 tur,
776 2495 912 2540 cum
961 2476 1116 2540 nihil
1163 2474 1337 2539 aliud
1383 2474 1743 2557 significent
1789 2474 1909 2539 nisi
1940 2474 2348 2559 Megalenses
2391 2472 2577 2538 ludos
2616 2494 2780 2538 anno
2825 2474 2943 2537 191

608 2603 666 2648 a.
717 2583 862 2649 Chr.
914 2604 974 2649 n.
1023 2584 1260 2668 primos
1306 2582 1581 2647 omnium
1621 2582 1872 2647 omnino
1920 2582 2247 2648 scaenicos
2284 2581 2628 2661 exstitisse,
2669 2582 2949 2666 appella-

605 2695 704 2756 tos
771 2697 984 2754 autem
1049 2690 1420 2776 Megalesia,
1487 2688 1837 2753 offensione
1901 2707 2027 2753 non
2094 2695 2330 2753 carent.
2415 2688 2581 2753 Nam
2629 2687 2949 2753 Valerium

605 2794 926 2861 Antiatem
985 2796 1088 2863 hic
1148 2816 1390 2863 summo
1436 2796 1499 2860 in
1551 2815 1763 2861 errore
1811 2796 2057 2861 versari
2102 2795 2230 2860 iam
2293 2794 2440 2859 inde
2502 2796 2719 2878 liquet,
2783 2796 2949 2878 quod

602 2902 821 2969 Livius
885 2906 1024 2989 ipse
1072 2905 1198 2968 iam
1245 2903 1458 2969 multis
1507 2902 1690 2967 annis
1738 2909 1885 2967 ante
1936 2902 2119 2968 ludos
2168 2904 2495 2968 scaenicos
2566 2901 2764 2967 fuisse
2828 2908 2951 2967 tra-

605 3012 801 3095 didit3
870 3011 950 3076 cf.
1000 3012 1167 3075 enim
1211 3011 1461 3092 XXXI,
1510 3012 1571 3094 4,
1612 3011 1684 3075 5:
1736 3009 1939 3093 „Ludi
1987 3010 2253 3075 Romani
2310 3009 2585 3075 scaenici
2647 3030 2724 3075 eo
2784 3031 2948 3074 anno

603 3118 940 3201 magnifice
987 3122 1424 3202 apparateque
1472 3116 1627 3182 facti
1675 3118 1756 3182 ab
1806 3116 2122 3182 aedilibus
2172 3117 2553 3182 curulibus.“
2596 3117 2680 3202 (a.
2721 3117 2843 3182 201
2891 3140 2947 3181 a.

604 3226 747 3291 Chr.
798 3229 884 3307 n.)
941 3228 1099 3290 Item
1141 3224 1218 3290 cf.
1261 3226 1580 3290 XXXIII.
1632 3226 1740 3306 25,
1794 3229 1864 3290 1:
1962 3224 2164 3307 „Ludi
2196 3220 2473 3291 *Romani
2534 3244 2609 3289 eo
2659 3245 2823 3289 anno
2884 3226 2949 3290 in

605 3333 772 3398 circo
837 3352 1198 3415 scaenaque
1257 3334 1338 3398 ab
1404 3332 1724 3397 aedilibus
1800 3333 2119 3397 curulibus
2168 3381 2183 3395 .
2236 3381 2251 3397 .
2318 3338 2383 3398 et
2444 3330 2949 3417 magnificentius

603 3461 792 3523 quam
843 3440 1002 3505 alias
1047 3438 1260 3505 facti.“
1314 3444 1398 3523 (a.
1454 3440 1579 3505 196
1629 3460 1687 3503 a.
1739 3439 1883 3505 Chr.
1932 3438 2025 3524 n.)
2076 3438 2170 3505 Cf.
2210 3440 2451 3521 XXIV,
2499 3440 2607 3504 43.

818 3582 996 3659 Quae
1076 3600 1216 3645 cum
1279 3579 1370 3644 ita
1433 3578 1576 3661 sint,
1646 3598 2027 3661 quamquam
2090 3579 2385 3645 universe
2451 3600 2519 3645 re
2605 3570 2949 3663 explanata

604 3690 1012 3755 difficultates
1073 3707 1195 3751 non
1257 3706 1475 3753 omnes
1523 3687 1810 3751 sublatas
1870 3706 2013 3753 esse
2078 3686 2248 3751 haud
2293 3686 2543 3767 infitior,
2606 3694 2821 3753 tamen
2880 3689 2947 3754 id

601 3798 735 3861 iure
797 3796 1136 3879 collegisse
1193 3794 1346 3858 mihi
1406 3793 1648 3875 videor,
1714 3813 1877 3875 quae
1946 3816 1987 3858 a
2050 3795 2235 3861 Livio
2294 3795 2625 3880 (XXXIV,
2687 3796 2801 3879 54)
2867 3798 2946 3863 de

603 3924 767 3969 anno
814 3904 943 3969 558
985 3904 1088 3969 vel
1135 3906 1344 3988 potius
1391 3903 1523 3969 560
1570 3904 1915 3971 memoriae
1962 3904 2328 3990 produntur,
2376 3905 2586 3970 redire
2634 3905 2719 3970 ad
2756 3908 2949 3973 Vale-

601 4012 760 4077 rium
802 4010 1142 4077 Antiatem.

812 4156 952 4221 Iam
1017 4154 1165 4237 quid
1229 4176 1310 4221 ex
1347 4154 1468 4238 his,
1527 4176 1683 4239 quos
1752 4155 2092 4237 attulimus,
2153 4155 2310 4221 locis
2373 4153 2451 4219 de
2512 4162 2943 4241 spectatorum

604 4261 976 4329 condicione
1025 4263 1315 4329 concludi
1359 4264 1580 4347 possit,
1631 4264 2139 4347 complectamur.
2232 4264 2316 4327 Et
2363 4262 2656 4330 Valerius
2721 4266 2944 4332 Antias

602 4370 858 4451 quidem
903 4375 1092 4451 atque
1140 4370 1365 4436 Cicero
1411 4372 1540 4435 iam
1577 4377 1708 4436 tum
1758 4370 1945 4436 certis
1992 4370 2309 4436 subselliis
2375 4390 2523 4436 usos
2570 4391 2711 4437 esse
2759 4392 2940 4457 spec-

603 4484 839 4543 tatores
902 4497 1119 4544 omnes
1165 4478 1228 4542 in
1290 4478 1521 4544 theatri
1571 4499 1773 4545 cavea
1818 4460 2185 4563 persuasum
2232 4478 2489 4562 habent,
2537 4478 2770 4564 quippe
2837 4480 2942 4562 qui
