3175 5109
1269 414 1663 471 ..27-

503 600 640 667 Sed
704 606 772 666 ut
821 600 988 666 unde
1053 599 1344 683 digressa
1392 607 1508 682 est,
1558 619 1637 665 eo
1683 598 1909 665 redeat
1956 597 2178 678 oratic,
2242 602 2642 663 transeamus

278 707 376 774 ad
424 709 691 773 alterum
736 709 965 790 locum,
1014 707 1119 791 qui
1165 707 1398 791 legitur
1434 706 1605 793 apud
1643 706 1891 771 Livium
1927 705 2237 786 XXXIV,
2278 705 2384 787 54,
2425 709 2489 769 et
2518 722 2643 785 quo

282 816 377 881 ab
444 820 705 881 auctore
749 816 915 881 haec
979 815 1062 880 sit
1105 814 1415 900 profecta,
1483 814 1835 881 videamus.
1898 813 1995 880 Ac
2055 813 2324 898 primum
2388 809 2645 894 quidem

286 923 690 987 enuntiatum
762 923 1157 1006 „Megalesia
1219 921 1402 989 ludos
1468 921 1799 988 scaenicos
1860 921 1933 985 L.
1999 918 2229 985 Atilius
2310 918 2643 999 Serranus,

284 1028 366 1094 L.
415 1028 785 1094 Scribonius
849 1028 1010 1094 Libo
1075 1028 1322 1095 aediles
1379 1029 1629 1095 curules
1687 1026 1870 1113 primi
1933 1024 2261 1092 fecerunt“
2310 1046 2351 1090 a
2415 1026 2643 1091 ceteris

284 1134 770 1223 segregandum
835 1135 1122 1219 videtur3
1205 1136 1324 1203 sed
1395 1136 1667 1202 alterum
1746 1135 2009 1221 „horum
2084 1132 2385 1199 aedilium
2456 1131 2644 1198 ludos

286 1244 618 1309 Romanos
677 1242 944 1327 primum
1008 1249 1271 1309 senatus
1335 1264 1374 1308 a
1432 1243 1668 1329 populo
1734 1248 2018 1308 secretus
2081 1240 2397 1326 spectavit
2458 1260 2645 1324 prae-

285 1351 555 1435 buitque
603 1369 926 1416 sermones
971 1399 987 1416 .
1035 1398 1051 1415 .
1103 1352 1158 1413 .“
1214 1349 1691 1431 cui-debeatur,
1739 1348 1865 1415 alia
1912 1355 2009 1415 est
2056 1348 2411 1431 quaestio.1

511 1455 950 1524 conferendus
1007 1462 1114 1523 est
1175 1457 1485 1525 Asconius
1552 1461 2049 1538 commentator,
2128 1453 2233 1521 hic
2295 1454 2380 1520 ad
2444 1455 2644 1520 verba.

287 1564 644 1648 CiceroniS‚
709 1584 874 1647 quae
939 1563 1227 1629 fuerunt:
1326 1564 1435 1648 „P.
1502 1562 1834 1629 Africanus
1898 1561 2006 1629 ille
2053 1562 2341 1647 superior
2414 1559 2643 1627 dicitur

282 1692 421 1737 non
485 1656 689 1738 solum
749 1694 790 1737 a
851 1670 1334 1757 sapientissimis
1381 1670 1760 1753 hominibus„
1809 1668 1915 1753 qui
1978 1675 2109 1735 tum
2176 1674 2379 1749 erant,
2425 1687 2646 1735 verum

287 1779 488 1845 etiam
535 1800 576 1843 a
623 1799 694 1845 se
739 1778 880 1864 ipso
927 1798 1121 1863 saepe
1169 1784 1502 1845 accusatus
1549 1798 1715 1858 esse,
1764 1778 1955 1861 quod,
2005 1797 2145 1843 cum
2193 1776 2410 1843 consul
2476 1781 2648 1841 esset

289 1906 440 1952 cum
484 1886 585 1951 Ti.
642 1886 887 1969 Longo,
926 1905 1152 1971 passus
1193 1894 1362 1953 esset
1425 1893 1557 1952 tum
1602 1886 1870 1971 primum
1918 1908 1959 1952 a
2005 1886 2298 1973 populari
2344 1904 2647 1952 consessu

287 1994 620 2061 senatoria
675 1993 982 2060 subsellia
1041 1993 1393 2078 separari“‚
1443 1994 1563 2060 hoc
1611 1993 1961 2060 adnotat2:
2015 1996 2192 2078 „Hoc
2255 1993 2490 2060 factum
2548 1999 2648 2059 est

287 2100 579 2167 secundo
620 2092 952 2167 consulatu
980 2101 1296 2185 Scipionis
1333 2107 1479 2186 post
1517 2102 1852 2186 septimum
1881 2121 2132 2186 annum,
2163 2121 2350 2183 quam
2382 2099 2646 2166 Cartha-

287 2208 690 2296 giniensibus
737 2209 910 2274 bello
959 2208 1240 2273 secundo
1290 2207 1443 2274 data
1490 2215 1586 2275 est
1632 2229 1781 2293 pax.
1830 2210 2098 2273 Factum
2134 2209 2202 2272 id
2244 2227 2384 2273 esse
2433 2212 2646 2271 autem

287 2315 522 2381 Antia-s
583 2314 777 2380 tradit
823 2314 992 2381 ludis
1039 2316 1341 2381 Romanis
1387 2334 1546 2392 quos
1593 2314 1878 2381 fecerunt
1926 2315 2170 2382 aediles
2219 2316 2468 2380 curules
2516 2313 2645 2399 (O.)

287 2422 527 2488 Atilius
591 2423 922 2505 Serranus,
969 2423 1043 2487 L.
1093 2423 1458 2489 Scribonius
1505 2422 1688 2509 Libo,
1757 2431 1821 2488 et
1883 2422 1951 2489 id
2012 2444 2124 2489 eos
2179 2423 2409 2489 fecisse
2469 2420 2643 2488 iussu

291 2549 632 2596 censorum
679 2530 831 2597 Sex.
880 2529 1022 2596 Aeli
1068 2530 1272 2613 Paeti,
1321 2529 1390 2597 C.
1440 2530 1695 2597 Corneli
1745 2530 2031 2616 Cetegi.“

281 2795 408 2852 fuit.
463 2794 540 2851 Eo
590 2794 724 2851 nihil
762 2795 983 2867 dignum
1025 2795 1286 2851 memoria
1325 2804 1524 2864 actum,
1557 2796 1659 2850 nisi
1703 2794 1848 2868 quod
1889 2793 2036 2867 pacis
2074 2793 2237 2850 deum
2273 2795 2646 2867 exposcendae

286 2896 460 2935 causa
481 2878 640 2935 tertio
660 2888 772 2935 tum
799 2889 918 2952 post
940 2880 1209 2936 conditam
1231 2880 1422 2935 urbem
1443 2878 1831 2936 lectisternium
1853 2879 1969 2935 fuit.
1994 2878 2198 2934 Etcum
2216 2906 2283 2915 -
2299 2878 2409 2935 ludi
2430 2894 2647 2951 quoque

286 2964 530 3019 scaenici
559 2992 624 3001 —
654 2962 888 3020 instituti
925 2965 1209 3021 dicuntur»
1241 2973 1364 3020 cett.
1405 2964 1550 3019 Haec
1580 2963 1799 3037 quidem
1839 2964 1969 3036 ipsis
1999 2960 2196 3018 tabulis
2226 2961 2330 3018 illis
2361 2962 2649 3019 tribuenda

285 3048 427 3103 mihi
455 3064 574 3103 esse
601 3047 872 3106 videntur.
905 3050 970 3104 At
1000 3065 1084 3110 ea.
1119 3064 1258 3120 quae
1288 3049 1606 3115 succedunt,
1642 3056 1916 3103 «ceterum
1946 3062 2113 3119 parva
2142 3063 2499 3119 quoque—n,
2524 3064 2649 3102 cum

286 3132 363 3188 ad
405 3130 564 3188 ludos
601 3131 881 3205 paullatim
925 3133 1166 3191 excultos
1209 3135 1531 3208 pertineant,
1566 3135 1817 3208 scriptori
1853 3135 2064 3191 cuidam
2104 3132 2262 3189 docto
2293 3133 2423 3206 quin
2452 3134 2651 3191 debeat

285 3216 474 3272 Livius
502 3233 612 3273 non
643 3225 726 3273 est
763 3218 1007 3286 dubium,
1047 3218 1194 3276 velut
1235 3219 1484 3285 Varroni,
1515 3220 1609 3293 qui
1648 3220 1704 3275 in
1740 3219 1895 3274 libris
1927 3219 1993 3274 de
2026 3218 2326 3291 originibus
2363 3219 2646 3289 scaenicis,

285 3300 360 3357 de
393 3302 528 3357 actis
559 3301 838 3368 scaeniciS,
872 3302 939 3357 de
970 3304 1233 3360 scaenicis
1263 3304 1566 3360 actionibus
1596 3303 1741 3359 haud
1772 3304 1883 3359 scio
1914 3320 1983 3358 an
2014 3301 2142 3359 talia
2175 3302 2430 3375 tetigerit.

507 3384 644 3441 Tum
676 3382 923 3441 conferas
951 3386 1112 3441 velim
1137 3388 1241 3458 XL,
1265 3389 1324 3445 5¹
1343 3433 1355 3457 ,
1381 3387 1474 3443 ubi
1506 3404 1793 3443 censorum
1824 3387 1951 3443 anni
1980 3386 2083 3441 179
2110 3404 2158 3444 a.
2186 3386 2311 3444 Chr.
2332 3404 2385 3443 n.
2418 3387 2649 3442 comitiis

283 3470 496 3527 habitis
539 3486 708 3543 opera
747 3470 1039 3543 unicuique
1078 3472 1338 3527 attributa
1378 3481 1767 3527 enumerantur
1808 3481 1866 3526 et
1890 3470 2154 3542 Lepidum
2197 3486 2479 3527 censorem
2522 3487 2647 3526 cuni

287 3555 402 3612 alia
431 3565 543 3611 tum
576 3559 848 3611 theatrum
879 3554 1086 3610 locasse
1116 3556 1293 3612 Livius
1321 3555 1548 3612 rettulit.
1582 3555 1762 3611 Verba
1790 3557 1909 3628 ipsa
1949 3555 2016 3611 cf.
2050 3554 2107 3611 in
2137 3572 2191 3628 p.
2229 3554 2317 3612 25.
2366 3555 2479 3611 lam
2509 3572 2648 3628 quae

284 3640 549 3779 lheglpntur
584 3638 712 3711 XLI,
742 3638 810 3696 27
840 3638 927 3711 (cf.
959 3657 1012 3713 p.
1046 3638 1155 3712 ⁰26),
1201 3657 1300 3696 cur
1329 3657 1357 3697 e
1397 3639 1595 3697 tabulis
1624 3640 1729 3696 illis
1759 3648 1975 3713 sumpta
2002 3656 2110 3695 non
2140 3655 2259 3695 esse
2289 3648 2494 3711 putem,
2539 3656 2649 3696 non

334 3740 364 3779 a
408 3740 492 3781 eo.
2115 3748 2121 3756 '

512 3822 534 3859 1
574 3820 687 3877 Hoc
715 3820 1037 3894 Madvigium
1073 3837 1184 3877 non
1221 3821 1424 3895 effugit,
1465 3824 1558 3895 qui
1598 3822 1655 3879 in
1692 3838 1879 3895 opusc.
1910 3822 2063 3880 acad.
2101 3821 2287 3891 (1834)
2330 3838 2380 3894 p.
2422 3822 2527 3878 103
2566 3840 2648 3897 sq.

287 3908 348 3964 in
385 3907 570 3964 adnot.
607 3906 807 3974 locum,
849 3905 918 3962 de
955 3924 1062 3979 quo
1101 3907 1299 3979 agitur,
1343 3908 1661 3980 temptabat,
1712 3917 1767 3963 et
1805 3907 2015 3962 sedium
2052 3905 2199 3961 illam
2238 3915 2553 3962 senatorum
2596 3917 2651 3964 et

288 3991 471 4065 plebis
504 3991 559 4046 in
589 3990 800 4047 theatro
831 3992 1189 4047 secretionem
1221 4007 1253 4047 a
1280 3991 1492 4048 Valerio
1521 3993 1734 4048 Antiate
1772 4000 1827 4048 et
1855 4007 1887 4046 a
1914 3990 2059 4047 Livio
2100 3999 2248 4045 recte
2287 3989 2344 4045 in
2374 3989 2514 4047 ludis
2544 3990 2647 4047 Ro-

291 4076 470 4135 manis
504 4076 704 4131 factam
745 4074 904 4143 tradi,
956 4076 1052 4131 sed
1099 4083 1320 4148 propter
1369 4075 1741 4132 celebritatem
1792 4074 2177 4148 Megalensium
2221 4074 2383 4129 huius
2435 4074 2561 4130 anni
2618 4092 2649 4131 a

289 4162 555 4235 Cicerone
583 4159 640 4215 iu
670 4175 749 4215 or.
785 4160 852 4216 de
883 4158 1001 4214 har.
1037 4174 1177 4231 resp.
1213 4176 1259 4217 c.
1295 4159 1361 4215 12
1391 4170 1448 4216 et
1479 4159 1685 4216 Valerio
1720 4159 1945 4215 Maximo
1974 4158 2011 4216 l.
2041 4175 2086 4214 c.
2109 4156 2177 4212 ad
2207 4172 2301 4212 eos
2330 4157 2649 4213 translatam

289 4262 414 4304 esse
446 4243 706 4301 concecit.
737 4242 841 4299 Sed
869 4242 1154 4316 quominus
1182 4242 1442 4317 Madvigio
1474 4243 1792 4317 adstipuler,
1818 4244 2020 4310 obstat,
2042 4259 2111 4298 ne
2132 4240 2233 4296 siin
2255 4240 2475 4310 multuS,
2504 4242 2650 4311 quod

290 4320 406 4387 non
446 4328 708 4385 tolluntur
750 4326 1090 4384 difficultates
1126 4344 1331 4386 omnes,
1389 4328 1649 4399 Strictim,
1693 4338 1752 4383 ut
1788 4328 2096 4401 postulabat
2124 4326 2293 4398 locuS,
2328 4344 2443 4387 rem
2480 4329 2654 4402 attigit

288 4413 626 4472 Ribbeckius
658 4413 712 4467 in
743 4412 1058 4483 «tragoedia
1086 4410 1384 4478 Romana·,
1419 4429 1468 4485 p.
1498 4413 1626 4469 648.

513 4514 538 4553 2
574 4510 636 4567 ln
665 4509 1021 4567 cornelianae
1055 4509 1400 4567 enarratione
1439 4509 1699 4567 orationis
1730 4511 1837 4582 (ed.
1868 4510 2404 4583 Kiessling-Schoell,
2452 4527 2504 4585 p.
2541 4512 2651 4583 61).
